3850 5867
2634 504 2768 574 ’455

255 724 409 790 modo
450 723 683 789 leviter
726 721 1105 808 rotundatiS,
1166 722 1356 785 modo
1404 720 1798 807 sigmoideis‚
1863 721 2216 807 posteriora
2261 742 2493 785 versus
2541 744 2771 808 parum

247 844 340 897 aut
389 830 633 896 modice
695 829 978 909 dilatata,
1040 829 1363 893 anteriora
1423 850 1653 893 versus
1718 828 2097 913 plerumque
2159 827 2378 891 minus
2443 850 2638 916 quam
2699 829 2768 893 in

250 939 425 1026 priore
467 937 762 1019 declivis,
807 937 1034 1002 foveae
1080 958 1230 1024 pars
1277 935 1559 1000 anterior
1604 936 1821 1021 itaque
1867 934 2086 997 minus
2133 933 2470 1020 profunda.
2550 935 2772 1001 Fovea

245 1056 369 1109 ante
408 1057 655 1110 tantum
701 1044 966 1108 definita
1012 1043 1309 1128 margine
1357 1042 1523 1107 bene
1570 1041 1856 1123 evolut03
1906 1041 2232 1125 margines
2279 1041 2420 1106 eius
2467 1041 2766 1107 laterales

249 1151 450 1238 ubique
491 1174 722 1239 parum
769 1151 1080 1235 distincti,
1126 1148 1254 1215 late
1286 1148 1517 1234 obtusi,
1564 1160 1713 1214 ante
1747 1161 1814 1214 ut
1862 1171 2086 1234 margo
2132 1150 2386 1214 anticus
2434 1172 2631 1237 supra
2677 1149 2768 1214 la-

246 1258 475 1323 mellam
519 1258 775 1343 elevati,
820 1258 1174 1345 posteriora
1213 1278 1445 1322 versus
1477 1257 1720 1321 sensim
1767 1255 2163 1341 humiliore8‚
2208 1257 2274 1319 in
2306 1271 2492 1343 parte
2524 1258 2772 1342 post-ica.

243 1387 349 1429 non
391 1364 644 1429 altiores
691 1388 885 1452 quam
931 1363 1210 1429 lamella.
1259 1362 1485 1449 Margo
1517 1363 1746 1428 foveae
1778 1363 2035 1427 anticus
2065 1361 2444 1450 plerumque
2476 1364 2543 1426 in
2577 1385 2772 1428 arcus

242 1472 379 1536 duos
422 1472 667 1538 fractus
714 1494 1038 1557 recurvos,
1100 1471 1166 1535 in
1216 1471 1428 1535 medio
1491 1471 1558 1534 in
1608 1469 1921 1556 angulum
1988 1471 2151 1534 bene
2198 1492 2580 1556 expressum
2629 1481 2771 1536 coe-

243 1590 420 1665 untes,
464 1602 612 1644 raro
658 1589 872 1645 rectus
919 1578 1055 1643 fere
1103 1590 1214 1643 aut
1272 1578 1342 1642 in
1390 1576 1605 1642 medio
1653 1576 1939 1664 paullulo
1987 1599 2362 1663 procurvus,
2424 1575 2614 1642 modo
2661 1578 2774 1642 ob-

239 1698 413 1771 tusus,
456 1686 652 1750 modo
697 1698 942 1751 acutus.
989 1686 1213 1750 Paries
1258 1686 1515 1750 anticus
1562 1685 1789 1749 foveae
1836 1683 2196 1770 inaequalis
2229 1695 2292 1748 et
2321 1706 2450 1748 non
2497 1683 2578 1748 ad
2625 1706 2771 1771 per-

239 1794 633 1878 pendiculum
697 1793 1004 1871 directus,
1066 1793 1134 1858 in
1183 1792 1456 1857 dimidio
1503 1804 1772 1877 utroque
1835 1791 1899 1854 in
1951 1803 2395 1856 transversum
2446 1812 2772 1856 concavus

237 1910 293 1963 et
331 1923 366 1964 a
409 1901 699 1986 margine
749 1900 977 1964 foveae
1023 1923 1255 1965 versus
1303 1898 1583 1963 fundum
1614 1897 1873 1984 oblique
1905 1897 2326 1983 descendenS,
2374 1896 2775 1984 impendenS,

233 2006 326 2089 ita,
371 2019 437 2072 ut
479 2009 546 2071 in
612 2009 897 2096 epigyna
966 2007 1047 2072 ab
1095 2008 1226 2071 imo
1288 2008 1433 2071 visa
1492 2028 1644 2093 pars
1690 2005 1831 2069 eius
1897 2004 2113 2069 media
2161 2003 2296 2069 sola
2343 2005 2776 2091 conspiciatur

235 2126 334 2177 aut
373 2126 537 2178 totus
583 2115 797 2201 paries
843 2114 1097 2179 anticus
1145 2115 1440 2199 margine
1488 2112 1717 2177 foveae
1762 2113 2140 2177 occultetur.
2186 2110 2517 2176 Lamellae
2552 2133 2776 2196 margo

231 2222 463 2286 anticus
522 2223 591 2285 in
640 2233 823 2308 parte
872 2222 1085 2286 media
1132 2232 1232 2285 sat
1279 2220 1407 2285 late
1455 2242 1605 2285 cum
1657 2220 1900 2306 pariete
1963 2217 2195 2284 foveae
2240 2220 2456 2284 antico
2504 2219 2775 2283 coniun-

231 2338 376 2413 ctuS,
433 2329 500 2392 in
548 2328 753 2394 latere
803 2342 1071 2415 utroque
1132 2327 1213 2393 ab
1260 2349 1336 2392 eo
1384 2328 1568 2393 sulco
1629 2338 1766 2409 (aut
1812 2326 2045 2391 fissura
2103 2327 2340 2413 potius)
2413 2326 2776 2409 distinctus,

233 2433 600 2522 plerumque
646 2446 744 2499 sat
792 2435 1045 2500 fortiter
1090 2434 1473 2499 rotundatus
1521 2446 1584 2499 et
1639 2435 1707 2497 in
1754 2434 2121 2518 marginem
2167 2433 2558 2497 exteriorem
2602 2432 2778 2496 linea

227 2542 453 2606 sensim
499 2545 772 2608 curvata
831 2541 1076 2627 abiens,
1137 2551 1248 2606 aut
1292 2563 1522 2628 parum
1570 2551 1876 2605 curvatus
1939 2551 2001 2604 et
2063 2562 2209 2604 cum
2260 2539 2554 2624 margine
2603 2537 2777 2604 dicto

226 2648 528 2732 angulum
575 2660 674 2713 sat
721 2648 923 2713 latum
955 2660 1019 2713 et
1049 2647 1178 2713 late
1211 2647 1629 2713 rotundatum
1664 2647 1970 2711 formans.
2019 2645 2268 2710 Dentes
2302 2668 2429 2709 non
2463 2646 2529 2710 in
2565 2645 2776 2710 fronte

226 2754 438 2820 foveae
485 2754 602 2821 sed
649 2756 730 2820 ad
780 2756 919 2820 eius
964 2756 1170 2821 latera
1214 2757 1427 2843 potius
1474 2755 1795 2842 epigynae
1841 2755 2071 2835 innati;
2121 2753 2310 2819 bases
2357 2774 2574 2817 eorum
2626 2775 2778 2818 cum

227 2863 506 2947 margine
554 2864 767 2929 antico
814 2862 1027 2927 medio
1074 2861 1301 2927 foveae
1362 2860 1601 2926 lineam
1650 2876 1892 2926 rectam
1943 2873 2056 2926 aut
2103 2859 2318 2947 paullo
2364 2870 2775 2925 recurvatam

225 2967 585 3053 designant3
648 2969 818 3035 latus
866 2972 1155 3035 exterius
1203 2990 1425 3033 eorum
1474 2969 1734 3033 circiter
1780 2967 2079 3054 sescuplo
2125 2980 2236 3032 aut
2285 2966 2422 3032 fere
2470 2965 2667 3053 duplo
2715 2978 2779 3031 et

223 3073 483 3138 dimidio
534 3076 790 3161 longius
836 3099 1030 3161 quam
1079 3075 1254 3140 basis
1302 3074 1458 3158 latat,
1505 3098 1671 3163 apex
1719 3074 1910 3139 modo
1960 3075 2095 3139 fere
2142 3087 2393 3158 acutus,
2441 3072 2632 3138 modo
2679 3084 2779 3137 sat

223 3179 356 3267 late,
400 3206 530 3247 non
567 3207 715 3248 raro
747 3182 1023 3269 oblique,
1068 3181 1469 3267 rotundatus,
1518 3204 1663 3246 raro
1696 3180 1954 3268 oblique
1990 3181 2403 3245 mediocriter
2432 3181 2561 3244 late
2594 3194 2776 3244 trun-

221 3300 408 3354 catus,
471 3290 589 3357 Sat
651 3292 871 3376 magni
936 3301 1087 3354 sunt
1148 3289 1214 3354 hi
1278 3288 1530 3372 dentes;
1594 3312 1763 3375 apex
1808 3310 2035 3353 eorum
2081 3286 2411 3352 lamellam
2459 3288 2779 3372 attingere

221 3396 472 3461 videtur
535 3408 648 3462 aut
712 3419 909 3484 supra
968 3419 1114 3462 eam
1177 3395 1397 3482 paullo
1455 3396 1799 3483 prominet,
1860 3417 2064 3482 quum
2111 3393 2191 3458 ab
2240 3395 2372 3457 imo
2418 3393 2780 3480 adspicitur

218 3504 512 3593 epigyne.
574 3504 753 3569 Modi
802 3506 1124 3593 epigynae
1173 3502 1617 3588 exemplorum
1665 3504 1948 3589 quinque
1996 3501 2441 3566 dimensorum
2490 3501 2555 3564 hi
2603 3512 2777 3565 sunt:

646 3610 907 3676 lamella
998 3612 1166 3693 027,
1257 3610 1423 3693 032,
1515 3610 1683 3693 031,
1774 3610 1943 3693 031,
2034 3609 2185 3673 042
2278 3606 2474 3690 longa
2496 3609 2542 3692 ¹)

647 3732 797 3782 ante
999 3718 1166 3797 045,
1258 3718 1426 3797 047,
1517 3718 1688 3801 048,
1777 3717 1948 3799 047,
2039 3717 2185 3780 037
2284 3713 2413 3778 lata

647 3848 813 3912 pone
1007 3825 1176 3907 057,
1267 3824 1435 3908 048,
1525 3823 1693 3907 048,
1782 3824 1952 3907 052,
2041 3824 2191 3887 045
2283 3819 2414 3884 lata
2442 3822 2490 3907 ²)

476 3933 713 3997 dentes
762 3931 901 3996 basi
992 3932 1162 4016 056,
1252 3931 1421 4015 060,
1511 3932 1680 4015 066,
1769 3931 1939 4015 058,
2028 3929 2178 3993 060
2271 3928 2519 4012 remoti,

997 4039 1164 4119 029,
1256 4038 1423 4122 023,
1514 4038 1680 4117 026,
1773 4038 1941 4121 021,
2031 4036 2181 4102 026
2273 4032 2450 4119 longi
2474 4038 2521 4118 ³)

998 4146 1166 4229 013,
1256 4144 1426 4223 013,
1517 4146 1687 4229 011,
1778 4145 1947 4228 014,
2037 4144 2164 4208 011
2262 4140 2392 4205 lati.

343 4252 397 4316 F
401 4256 594 4317 orma
655 4252 971 4337 marginis
1032 4251 1234 4317 antici
1296 4264 1358 4315 et
1419 4251 1685 4337 parietis
1751 4251 1953 4315 antici
2000 4249 2248 4333 foveae,
2311 4247 2605 4312 dentium
2654 4246 2777 4310 situ

216 4355 427 4423 differt
473 4358 770 4446 epigyne
816 4356 1010 4422 huius
1059 4357 1299 4443 speciei
1346 4356 1428 4421 ab
1477 4358 1758 4445 epigyna
1797 4357 2170 4422 Amaurobz'i
2210 4356 2601 4442 pabulator-is
2646 4374 2786 4417 ma-

351 4630 388 4691 1)
428 4627 488 4676 in
527 4625 685 4676 line&
721 4625 984 4675 mediana.

349 4712 388 4778 ¹)
429 4717 488 4766 in
531 4722 694 4781 parto
735 4714 1012 4765 latissima.

351 4806 392 4867 ⁸)
429 4805 489 4853 in
533 4805 710 4854 latere
749 4802 1024 4854 exteriore.
