3850 5867
912 466 1047 532 450

910 678 1013 744 lus
1062 680 1126 743 in
1162 678 1401 764 angulo
1432 680 1638 746 basali
1685 680 1991 744 interiore
2024 679 2380 743 stemmatis
2412 679 2672 743 initium
2707 680 2895 764 capit.
2947 678 3168 744 Paries
3200 678 3467 744 inferior

912 786 1322 853 conductoris
1368 786 1607 852 emboli
1654 787 1912 871 angulis
1962 786 2467 872 subaequalibus
2536 787 2860 849 anteriora
2912 808 3137 850 versus
3183 796 3249 851 et
3294 785 3465 850 foras

911 891 1214 974 directus,
1258 906 1679 980 pentagonus„
1723 894 2037 959 lateribus
2086 892 2278 958 valde
2326 893 2793 979 inaequalibus,
2838 893 2987 957 026
3036 916 3170 956 mm
3217 892 3467 978 longus,

911 1000 1052 1066 basi
1098 1002 1264 1084 019,
1324 1024 1522 1087 prope
1569 1002 1821 1087 apicem
1881 1003 2032 1065 0-10
2079 1000 2268 1085 latus,
2328 1000 2582 1065 modice
2630 999 2803 1065 foras
2851 1013 3178 1084 curvatus,
3243 1021 3281 1064 a
3329 999 3467 1064 basi

911 1108 1048 1171 fere
1094 1130 1295 1193 usque
1358 1108 1440 1171 ad
1490 1108 1738 1193 apicem
1803 1107 2057 1172 modice
2121 1119 2519 1192 angustatus,
2583 1108 2766 1193 apice
2833 1107 3152 1194 utrimque
3211 1106 3469 1192 oblique

910 1224 1248 1279 truncatus
1281 1225 1344 1279 et
1373 1214 1660 1300 paullulo
1690 1214 2150 1299 emarginatus,
2196 1213 2452 1299 angulis
2483 1214 2871 1300 apicalibus:
2919 1214 3134 1279 antico
3181 1213 3469 1299 paullulo

907 1321 1236 1408 producte,
1283 1343 1408 1385 non
1457 1321 1820 1402 rotundatu,
1866 1321 2081 1385 medio
2127 1332 2422 1386 truncato
2471 1326 2669 1402 (certo
2716 1322 2843 1386 situ
2893 1321 3166 1405 saltem),
3226 1320 3468 1406 postico

907 1427 1136 1493 obtuso
1197 1442 1261 1493 et
1318 1428 1535 1514 paullo
1597 1427 1962 1508 rotundat03
2023 1429 2087 1491 in
2138 1443 2319 1514 parte
2384 1427 2618 1514 apicali
2681 1429 2893 1514 paries
2954 1426 3064 1493 hic
3108 1425 3471 1513 inaequalis

908 1546 1022 1616 est,
1069 1535 1153 1599 ad
1199 1535 1512 1618 angulum
1561 1535 1877 1621 apicalem
1926 1536 2216 1601 medium
2265 1534 2557 1600 carinula
2589 1539 2793 1621 parva
2824 1541 3059 1600 cornea
3090 1535 3468 1600 acutissima

906 1642 1168 1727 obliqua
1212 1655 1496 1705 ornatur.
1564 1641 1782 1722 Quum
1830 1641 1910 1705 ab
1958 1642 2088 1706 imo
2135 1641 2493 1728 adspicitur
2539 1643 2894 1707 conductor
2938 1641 3193 1724 emboli,
3254 1641 3471 1727 paries

908 1750 1200 1835 superior
1260 1750 1580 1835 prominet
1642 1772 1766 1813 non
1815 1771 2051 1834 parum
2114 1772 2241 1813 non
2307 1750 2516 1813 solum
2565 1750 2735 1813 ultra
2797 1747 2967 1813 latus
3016 1749 3300 1814 anticum
3352 1747 3468 1811 sed

907 1857 1097 1919 etiam
1150 1857 1318 1920 ultra
1364 1857 1613 1942 apicem
1660 1856 1926 1942 parietis
1974 1855 2318 1920 inferioris

1042 1964 1364 2027 Diametri
1411 1962 1772 2028 oculorum:
1822 1975 1950 2027 ant.
1985 1962 2150 2027 med.
2198 1965 2410 2046 Ο·115,
2457 1973 2584 2027 ant.
2632 1962 2739 2027 lat.
2786 1963 2934 2026 0·18
2985 1977 3047 2026 et
3093 1962 3261 2044 o·13‚
3306 1971 3468 2046 post.

907 2069 1073 2133 med.
1122 2071 1289 2154 0·14,
1349 2081 1506 2155 post.
1557 2068 1662 2134 lat.
1726 2071 1921 2135 0145
1970 2081 2034 2134 et
2079 2071 2243 2148 0·13,
2307 2068 2654 2134 intervalla
2701 2068 3063 2134 oculorum:
3125 2078 3253 2131 ant.
3301 2065 3468 2130 med.

905 2176 1074 2260 008,
1133 2188 1260 2240 ant.
1323 2176 1429 2240 lat.
1493 2178 1702 2241 0065.
1765 2188 1923 2262 post.
1990 2175 2154 2240 med.
2216 2178 2428 2259 0095,
2492 2189 2648 2262 post.
2711 2175 2819 2240 lat.
2880 2176 3027 2240 018
3077 2197 3209 2238 mm
3253 2174 3468 2259 longa.

906 2284 1081 2347 Area
1140 2283 1475 2349 oculorum
1539 2283 1901 2348 mediorum
1965 2296 2113 2348 ante
2173 2285 2341 2364 030,
2410 2306 2574 2371 pone
2637 2286 2782 2348 037
2848 2282 2998 2368 lata,
3059 2284 3209 2348 o·34
3254 2281 3465 2365 longa..

907 2387 1192 2478 Clypeus
1240 2390 1360 2454 sub
1408 2391 1593 2456 oculo
1642 2390 1853 2455 medio
1900 2392 2051 2456 0-14
2099 2390 2282 2454 altus

1039 2495 1553 2582 Cephalothorax
1613 2498 1716 2562 35
1778 2498 2030 2582 longus,
2095 2499 2198 2562 26
2263 2496 2449 2562 latus.
2512 2520 2661 2583 pars
2727 2496 3059 2582 cephalica
3131 2498 3270 2561 1·65
3317 2495 3468 2561 lata.

906 2602 1324 2668 Mandibulae
1378 2605 1475 2668 1·6
1525 2604 1773 2688 longae,
1829 2607 1923 2669 1·8
1972 2604 2157 2669 latae.
2205 2605 2459 2668 Pedum
2506 2604 2898 2669 internodia:

1514 2712 1564 2775 Ι.
1657 2713 1779 2790 26,
1880 2713 1993 2795 l2,
2131 2714 2253 2795 2·1,
2346 2713 2466 2777 22.
2569 2714 2725 2796 1·35,

1478 2818 1564 2883 ΙΙ.
1656 2819 1780 2902 2·4,
1878 2819 2038 2904 1·15,
2139 2821 2250 2900 1-8,
2345 2821 2467 2903 2·1,
2562 2823 2679 2902 1·3‚

1439 2925 1561 2989 III.
1654 2926 1776 3008 22,
1876 2927 2034 3008 105,
2135 2928 2252 2991 1·4.
2345 2926 2468 3010 2·l,
2566 2927 2680 3010 12,

1439 3031 1553 3094 lv.
1648 3033 1767 3116 28,
1860 3033 1979 3117 12,
2117 3033 2238 3114 22,
2331 3033 2452 3116 29,
2550 3034 2693 3097 1·45
2740 3055 2875 3095 mm
2920 3032 3130 3114 longa.

1039 3138 1286 3202 Marem
1339 3160 1540 3201 unum
1587 3150 1650 3202 et
1697 3136 1974 3201 feminas
2023 3138 2185 3203 duas
2234 3137 2426 3203 huius
2475 3139 2717 3225 speciei
2762 3139 2889 3223 legi
2939 3139 3005 3201 in
3039 3138 3279 3202 Tirolia
3331 3159 3464 3201 me-

904 3244 1204 3307 ridionali
1251 3245 1316 3307 in
1368 3244 1551 3307 silvis
1602 3243 1794 3309 vallis
1848 3244 2291 3330 „Suldental“.

1510 3458 1573 3525 ΙΙ.
1620 3457 2060 3528 Amani-obius
2111 3458 2462 3543 pabulator
2510 3459 2610 3538 (E.
2656 3459 2854 3538 Sim).

905 3599 1060 3654 1875.
1106 3600 1341 3651 Coelotes·
1372 3600 1672 3665 pabulator
1711 3604 1768 3653 E.
1810 3604 2011 3666 Simon,
2050 3604 2151 3651 Les
2193 3603 2518 3652 Arachnides
2556 3603 2621 3652 de
2662 3604 2885 3656 France,
2939 3618 2986 3653 v.
3027 3601 3077 3668 2,
3117 3620 3165 3667 p.
3205 3600 3291 3667 34,
3332 3609 3368 3652 t.
3409 3603 3464 3667 5,

1227 3692 1254 3740 f
1305 3690 1389 3752 11,
1429 3687 1495 3740 11
1518 3707 1565 3740 a.

907 3778 1062 3832 1904.
1109 3808 1168 3816 —
1211 3807 1274 3816 —
1316 3781 1381 3829 do
1423 3781 1651 3840 Lessert,
1693 3783 1818 3832 Rev.
1860 3782 2038 3830 §uisse
2079 3783 2218 3830 Zool.
2259 3797 2307 3833 ν.
2354 3780 2432 3840 12,
2473 3798 2521 3846 p.
2560 3779 2685 3846 408,
2726 3782 2760 3830 f.
2800 3780 3029 3833 30—33.

1035 3886 1404 3949 Femina.
1453 3886 1619 3969 (Fig.
1674 3888 1772 3970 12,
1824 3890 1948 3963 14).

1039 3993 1338 4080 Epigyne
1385 3991 1593 4056 forma
1640 4016 1765 4056 non
1814 4016 2045 4079 parum
2096 3995 2368 4077 varians,
2415 3994 2735 4079 imprimis
2786 3994 3106 4080 epigynae
3152 3995 3462 4058 Amauro-

902 4101 989 4163 bii
1029 4102 1306 4183 pastoris
1369 4099 1619 4164 similis.
1692 4099 1984 4164 Lamella
2047 4101 2325 4163 fundum
2376 4099 2600 4165 foveae
2646 4123 2971 4187 occupans
3021 4100 3211 4164 modo
3258 4100 3465 4165 multo

900 4204 1091 4270 latior
1149 4229 1346 4292 quam
1408 4206 1677 4291 longior,
1741 4207 1931 4270 modo
1993 4230 2196 4292 aeque
2256 4207 2449 4290 longa
2497 4230 2575 4270 ac
2622 4207 2767 4293 lata,
2829 4208 3183 4294 posteriora
3230 4228 3458 4272 versus

899 4313 1047 4399 plus
1097 4314 1390 4377 minusve
1423 4313 1692 4378 dilatata
1723 4314 2032 4378 lateribus
2068 4317 2273 4398 magis
2309 4316 2605 4379 minusve
2641 4315 3032 4399 sigmoideis,
3077 4313 3459 4401 plerumque

902 4419 970 4482 in
1015 4432 1196 4505 parte
1245 4422 1563 4484 anteriore
1610 4435 1709 4484 sat
1757 4421 2012 4487 fortiter
2058 4421 2379 4485 anteriora
2428 4445 2657 4484 versus
2705 4420 2997 4500 declivis,
3033 4421 3259 4486 foveae
3305 4443 3459 4507 pars

901 4527 1184 4590 anterior
1231 4528 1444 4612 itaque
1493 4528 1866 4613 saepissime
1915 4541 2014 4590 sat
2060 4527 2395 4613 profunda.
2446 4529 2698 4592 Foveae
2747 4551 2974 4612 margo
3021 4529 3274 4594 anticus
3322 4527 3457 4615 ple-

899 4656 1171 4720 rumque
1233 4634 1484 4698 modice
1545 4648 1608 4698 et
1671 4635 2096 4720 aequabiliter
2155 4649 2555 4714 recurvatus,
2617 4658 2762 4699 raro
2825 4649 3058 4716 rectus,
3124 4635 3456 4700 rarissime

901 4739 1230 4804 levissime
1275 4764 1636 4827 procurvus
1684 4754 1794 4805 aut
1842 4743 1906 4805 in
1958 4740 2271 4826 angulum
2319 4764 2549 4828 parum
2597 4765 2995 4829 expressum,
3055 4743 3237 4828 apice
3285 4754 3459 4807 retro
