3850 5867
2795 508 2934 572 419

369 721 555 787 Fred.
604 722 678 788 O.
725 720 1158 806 Cambridgeo
1224 720 1744 786 commendatam
1771 723 1831 806 ¹),
1895 745 2025 787 non
2088 721 2471 808 approbavit
2490 725 2558 804 ²),
2622 721 2929 806 quoniam

370 850 573 915 genus
620 829 1070 893 Amana-obium
1133 851 1172 892 a
1218 827 1287 894 C.
1339 828 1407 892 L.
1455 827 1711 893 Kochio
1775 852 1946 894 anno
2004 830 2168 894 1836
2234 829 2300 891 in
2350 849 2560 913 opere,
2607 827 2777 913 quod
2828 827 2928 891 in-

371 935 676 1001 scribitur
722 934 1206 1000 Deutscblands
1241 933 1567 1020 Insekten,
1598 934 1939 1000 definitum
1973 935 2255 1023 quidem,
2287 934 2397 999 sed
2434 955 2547 1019 pro
2591 934 2933 1020 speciebus

368 1064 498 1106 non
545 1042 885 1128 descriptis
951 1043 1345 1127 propositum
1405 1064 1547 1107 esse
1595 1043 1874 1129 putavit,
1934 1065 2135 1130 quum
2197 1062 2429 1106 revera
2474 1063 2558 1105 ex
2604 1041 2932 1105 contrario

368 1149 510 1215 loco
557 1150 748 1214 citato
810 1148 978 1212 desit
1038 1148 1369 1232 diagnosis
1428 1149 1690 1233 generis
1753 1161 1815 1214 et
1879 1151 2129 1234 speeies
2178 1149 2361 1233 duae,
2408 1170 2603 1233 supra
2649 1170 2928 1213 comme·

369 1267 672 1340 moratae,
733 1254 924 1319 modo
986 1255 1437 1320 describantur
1497 1269 1688 1343 atque
1750 1257 1974 1340 generi
2041 1278 2225 1320 novo,
2289 1254 2577 1319 nondum
2645 1254 2931 1340 definito,

369 1364 767 1445 Amaurobi0‚
816 1362 1311 1448 subiungantur.

503 1469 580 1534 In
629 1491 936 1555 praesens
984 1468 1172 1533 Fred.
1218 1468 1728 1554 Cambridgeum
1792 1469 2194 1556 sequendum
2257 1491 2492 1535 censeo
2539 1483 2603 1533 et
2655 1468 2933 1533 Coelotas

366 1589 705 1641 auctorum
753 1577 1165 1641 Amaurobios
1212 1575 1302 1657 (O.
1352 1577 1425 1641 L.
1477 1576 1689 1661 Koch)
1737 1577 2050 1665 apppello.

1193 1812 1644 1895 Conspectus
1693 1813 2113 1893 specierum.

504 1931 874 2001 Feminae.

418 2043 475 2105 l.
524 2042 768 2107 Dentes
816 2041 1058 2122 cornei,
1122 2040 1356 2127 quibus
1403 2043 1683 2127 epigyne
1731 2055 2016 2105 ornatur.
2079 2042 2218 2104 eius
2266 2041 2428 2127 parti
2496 2040 2750 2104 antieae

521 2170 646 2211 non
696 2147 915 2232 procul
982 2170 1021 2210 a
1082 2146 1254 2211 linea
1302 2147 1514 2211 media
1560 2148 1786 2232 innati,
1859 2148 1997 2211 basi
2044 2149 2214 2211 inter
2260 2169 2330 2211 se
2374 2148 2591 2233 itaque
2637 2169 2749 2232 ap—

521 2255 865 2341 proximati
911 2266 973 2319 et
1020 2254 1195 2319 foras
1243 2254 1492 2338 directi,
1538 2265 1710 2318 retro
1744 2255 2017 2332 curvati,
2066 2254 2241 2338 longi
2292 2252 2511 2335 valde3
2558 2253 2751 2317 fovea

518 2363 838 2447 epigynae
900 2361 1235 2426 tuberibus
1298 2360 1559 2447 pallidis
1621 2361 1845 2426 tribue.
1912 2359 2113 2425 sulcis
2175 2360 2519 2448 profundis
2580 2362 2750 2425 inter

521 2489 589 2532 se
650 2467 990 2554 distinctis,
1059 2470 1274 2534 antico
1339 2468 1552 2534 medio
1614 2482 1678 2532 et
1737 2467 1990 2532 duobus
2052 2466 2425 2531 lateralibus
2487 2465 2748 2553 repleta.

2270 2575 2370 2639 19.
2421 2579 2498 2638 A.
2548 2575 2927 2660 lonyz'spina.

518 2719 605 2728 —
652 2704 846 2768 supra
906 2681 1058 2746 dieti
1127 2681 1414 2769 partibus
1473 2681 1850 2746 lateralibus
1911 2682 2235 2770 epigynae
2295 2681 2538 2764 innati,
2608 2680 2747 2745 basi

518 2788 734 2874 itaque
793 2790 963 2853 inter
1023 2812 1092 2853 se
1151 2789 1281 2854 late
1328 2787 1658 2853 distantes.
1728 2802 1900 2852 retro
1961 2800 2026 2851 et
2087 2788 2262 2852 intus
2309 2802 2422 2852 aut
2469 2802 2641 2852 retro
2688 2798 2753 2852 et
2808 2775 2821 2792 ”

521 2895 807 2982 paullulo
854 2896 1045 2961 modo
1092 2895 1266 2961 foras
1314 2897 1563 2962 directi.
1672 2946 2749 2961 ...........
2887 2896 2933 2960 2

415 3005 475 3068 2.
523 3004 738 3068 Fovea
789 3004 1112 3092 epigynae
1176 3010 1447 3092 (partem
1498 3004 1634 3069 eius
1680 3005 2064 3069 anteriorem
2114 3007 2464 3090 occupans)
2525 3003 2751 3068 tubere

520 3111 763 3197 repleta
810 3133 1105 3177 convexo
1152 3110 1412 3199 pallido,
1471 3113 1538 3175 in
1588 3110 1899 3176 lateribus
1947 3123 2011 3175 et
2060 3133 2222 3197 pone
2285 3110 2464 3175 sulco
2511 3112 2751 3200 optime

521 3240 843 3304 expresso,
889 3218 1211 3304 profundo
1257 3218 1536 3283 definito
1615 3219 1866 3284 Dentes
1915 3219 2081 3304 parti
2129 3219 2380 3284 anticae
2427 3218 2751 3305 epigynae

522 3325 747 3410 innati,
813 3326 993 3412 longi
1065 3324 1276 3410 valde,
1345 3335 1516 3389 retro
1585 3325 1721 3389 fere
1785 3324 2036 3390 directi.
2109 3324 2343 3389 leviter
2402 3324 2749 3389 incurvati.

2358 3433 2458 3497 20.
2508 3431 2586 3494 Α.
2635 3430 2933 3495 Munieri.

526 3541 679 3605 Pars
742 3540 1027 3606 anterior
1087 3541 1409 3628 epigynae
1465 3539 1688 3604 tubere
1748 3540 1814 3603 in
1863 3537 2173 3603 lateribus
2235 3552 2298 3604 et
2361 3559 2526 3623 pone
2573 3536 2751 3602 suleo

524 3647 785 3712 definito
831 3658 1021 3714 earet.
1076 3649 1316 3712 Dentes
1364 3646 1723 3712 mediocres
1767 3656 1877 3709 aut
1922 3645 2171 3710 breves.
2311 3693 2751 3709 .....
2887 3644 2933 3708 3

420 3754 479 3819 3.
527 3754 743 3819 Fovea
788 3755 1109 3843 epigynae
1155 3753 1414 3820 lamella
1462 3756 1697 3819 cornea
1741 3753 2004 3839 repleta,
2050 3775 2212 3839 quae
2260 3774 2411 3817 cum
2457 3751 2752 3836 margine

523 3861 735 3925 antico
799 3862 1026 3926 foveae
1096 3860 1456 3927 secundum
1525 3872 1724 3925 totam
1790 3858 2202 3923 latitudinem
2262 3870 2374 3923 aut
2440 3859 2505 3922 in
2574 3871 2751 3944 parte

523 3968 734 4033 media
784 3966 1011 4033 saltem
1075 3969 1335 4033 omnino
1384 3967 1806 4034 confunditur
1851 3983 1960 4031 aut
2023 3966 2104 4031 ab
2153 3988 2228 4029 eo
2275 3966 2453 4031 sulco
2502 3976 2751 4029 tantum

508 4074 768 4160 vadoso,
813 4097 1020 4162 neque
1066 4075 1301 4141 fissura
1344 4074 1686 4161 profunda,
1733 4074 2170 4160 distinguitur.
2309 4123 2750 4136 .....
2886 4073 2933 4137 4

523 4183 747 4269 Margo
780 4183 1035 4247 anticus
1081 4182 1309 4247 foveae
1349 4223 1423 4230 —
1462 4181 1839 4269 plerumque
1871 4180 2015 4266 plus
2048 4181 2350 4244 minusve
2383 4178 2749 4265 complana-

522 4300 643 4355 tus.
691 4301 936 4373 acutus,
970 4328 1052 4338 ·-—
1095 4312 1290 4376 supra
1339 4290 1700 4375 proximam
1747 4299 1996 4374 partem
2044 4286 2233 4351 fundi
2280 4286 2508 4351 foveae
2555 4288 2749 4351 etiam

522 4399 590 4462 in
638 4397 852 4462 medio
901 4398 1210 4462 elevatus.
1347 4444 2749 4461 ..............
2888 4394 2934 4458 ὃ

521 4633 559 4696 ¹)
595 4638 640 4682 Α
679 4632 908 4681 revision
948 4633 1001 4682 ot
1039 4631 1129 4681 the
1156 4646 1356 4698 genera
1391 4632 1451 4681 of
1484 4630 1574 4681 the
1601 4634 1844 4680 Araneae
1882 4646 1942 4678 or
1969 4628 2181 4693 Spiders
2224 4628 2347 4677 with
2389 4628 2660 4678 reference
2699 4635 2752 4677 to
2791 4626 2936 4677 theu*

381 4727 502 4787 type
537 4723 757 4786 species.
799 4725 933 4773 Anu.
979 4722 1095 4771 Nat.
1143 4720 1296 4782 nist„
1335 4735 1432 4769 ser.
1473 4718 1524 4772 7.
1564 4719 1665 4771 vol.
1714 4716 1792 4781 11,
1834 4716 1993 4773 1902,
2035 4733 2154 4783 pag.
2197 4715 2281 4777 19,
2320 4714 2405 4768 20.

519 4814 560 4874 ¹)
597 4811 835 4861 Histoire
869 4809 1136 4860 nutui-elle
1172 4809 1266 4859 des
1304 4807 1610 4870 Δηίκηόοε,
1649 4807 1698 4860 2.
1739 4808 1883 4870 edit,
1923 4808 2027 4858 vol.
2070 4807 2121 4869 2,
2160 4823 2282 4873 pag.
2323 4803 2477 4858 1060.
