3850 5867
2654 498 2781 562 421

386 704 600 769 datum
650 705 934 788 fractus).
1027 707 1331 772 Picturae
1376 729 1573 793 supra
1620 707 1828 774 dietae
1874 720 2089 794 partes
2136 708 2369 774 dextra
2415 720 2479 775 et
2524 710 2609 774 si-

372 813 564 876 nistra
610 815 781 877 inter
824 835 893 877 se
940 814 1084 900 plus
1131 815 1433 880 minusve
1476 815 1606 879 late
1654 830 1956 880 remotae.
2021 866 2033 879 .
2127 867 2139 880 .
2236 817 2335 881 15.
2387 821 2461 881 A.
2508 819 2783 883 inermis.

267 921 347 983 ll.
389 920 636 985 Foveae
683 943 907 1005 margo
953 924 1207 987 anticus
1254 923 1599 1007 angulatas
1643 923 1712 987 in
1761 922 1993 1007 medie,
2040 924 2110 987 in
2154 923 2484 988 lamellam
2515 934 2608 988 te-

385 1049 572 1091 nuem
604 1027 1075 1116 complanatum,
1109 1028 1301 1094 fovea
1329 1031 1397 1093 in
1433 1040 1615 1116 parte
1645 1031 1966 1095 anteriore
1997 1029 2351 1117 profundat,
2384 1029 2609 1095 dentes

383 1154 540 1218 pone
590 1136 951 1220 marginem
1012 1136 1302 1201 anticum
1365 1136 1596 1201 foveae
1657 1136 1968 1201 lateribus
2015 1137 2339 1224 epigynae
2384 1138 2607 1202 innati.
2704 1138 2787 1201 12

384 1279 458 1288 -
509 1264 731 1327 margo
778 1244 1031 1308 anticus
1079 1265 1207 1306 non
1255 1243 1619 1328 angulatu8‚
1663 1256 1789 1326 aut,
1837 1245 1892 1307 si
1926 1243 2211 1330 paullulo
2244 1244 2609 1328 angulatas,

385 1347 569 1412 modo
616 1371 875 1414 crassus
923 1371 1035 1427 est.
1084 1349 1273 1414 modo
1322 1350 1551 1415 foveae
1599 1372 1748 1436 pars
1790 1352 2074 1415 anterior
2107 1350 2369 1435 vadosa,
2414 1350 2609 1414 modo

382 1455 601 1520 dentes
648 1479 777 1519 non
827 1479 989 1543 pone
1037 1458 1400 1543 marginem
1446 1458 1737 1521 anticum
1783 1458 2013 1522 foveae
2058 1458 2285 1522 innati.
2377 1509 2390 1523 .
2483 1507 2497 1520 .
2591 1509 2604 1523 .
2701 1458 2786 1522 14

259 1562 343 1624 12.
385 1562 598 1626 Fovea
646 1565 965 1651 epigynae
1014 1566 1326 1628 maxima:
1375 1576 1522 1628 ante
1570 1586 1664 1628 ea.
1695 1565 2043 1631 0·8—0·85
2076 1587 2211 1628 mm
2242 1565 2374 1629 lata
2418 1570 2608 1650 (pone

381 1672 740 1753 marginem
783 1673 1091 1757 anticum,
1153 1685 1224 1736 ut
1270 1673 1334 1734 in
1386 1672 1895 1758 insequentibus,
1967 1694 2156 1758 saepe
2204 1671 2607 1757 marginibus

379 1775 616 1841 albidis
665 1777 963 1842 mollibus
1011 1777 1360 1844 mobilibus
1408 1778 1626 1864 paullo
1675 1780 2051 1860 constricta)
2059 1829 2689 1844 .......
2701 1780 2784 1845 13

378 1921 461 1930 -
513 1921 596 1930 —-
645 1884 1015 1950 mediocris:
1062 1896 1211 1951 ante
1256 1887 1650 1951 0·55—0·65
1699 1910 1833 1950 mm
1883 1886 2026 1951 lata.

1433 1997 1492 2057 4.
1543 1997 1618 2057 A.
1667 1995 2157 2059 atramentaria-s·
2201 2004 2267 2056 et
2314 1994 2373 2057 5.
2423 1994 2497 2056 A.
2546 1994 2786 2058 dubius.

249 2096 336 2162 13.
379 2097 651 2163 Fundus
701 2098 927 2163 foveae
974 2099 1247 2164 foveolis
1295 2100 1548 2165 duabus
1595 2116 1879 2185 ornatae,
1924 2101 2095 2165 inter
2140 2123 2209 2164 se
2257 2110 2435 2185 septo
2483 2100 2609 2163 eir-

375 2207 540 2270 eiter
585 2207 693 2270 02
742 2229 875 2269 mm
919 2207 1047 2271 lato
1095 2207 1439 2272 distinctis,
1548 2258 2095 2274 ......
2188 2207 2247 2271 3.
2296 2210 2372 2269 Α.
2413 2227 2786 2290 pyrenaeus.

374 2313 427 2376 F
429 2313 716 2396 oveolae‚
747 2313 980 2400 quibus
1014 2313 1257 2380 fundus
1289 2315 1521 2380 foveae
1552 2326 1835 2398 ornatur,
1883 2327 2063 2401 septo
2094 2313 2436 2378 0·3—0·37
2474 2335 2612 2376 mm
2678 2368 2683 2373 .

371 2420 502 2484 lato
549 2423 724 2485 inter
771 2445 839 2486 se
886 2421 1246 2488 distinctae.
1369 2470 2238 2489 .........
2335 2423 2389 2484 1.
2439 2423 2514 2482 Α.
2564 2420 2788 2485 obesus.

240 2526 332 2588 14.
377 2526 674 2593 Lamella
720 2529 998 2594 fundum
1063 2529 1291 2594 foveae
1351 2551 1677 2616 occupans
1738 2528 1804 2591 in
1854 2538 2036 2614 parte
2082 2527 2403 2591 anteriore
2451 2528 2609 2591 insi-

371 2636 591 2718 gniter
636 2638 962 2701 anteriora
1012 2658 1242 2702 versus
1288 2647 1629 2722 angustata
1636 2686 2077 2700 .....
2176 2636 2272 2699 10.
2322 2637 2398 2698 Α.
2444 2635 2787 2699 mediocris.

373 2779 458 2789 —
508 2741 791 2807 fundum
839 2743 1067 2810 foveae
1113 2766 1437 2831 occupans
1482 2745 1548 2807 in
1588 2754 1764 2830 parte
1809 2744 2132 2807 anteriore
2178 2763 2307 2805 non
2340 2739 2607 2805 eviden-

369 2860 471 2913 ter
519 2860 864 2934 angustata
911 2852 1229 2916 anteriora
1275 2873 1525 2917 versus.
1634 2898 2607 2914 ..........
2706 2849 2788 2913 15

233 2954 324 3018 15.
374 2954 630 3021 Dentes
676 2958 998 3046 epigynae
1043 2958 1257 3045 paullo
1304 2969 1470 3022 ante·
1502 2959 1862 3041 marginem
1894 2959 2185 3020 anticum
2232 2955 2461 3019 foveae
2506 2955 2606 3017 in-

367 3063 506 3127 nati
557 3075 670 3128 aut
717 3086 866 3129 eum
911 3086 986 3128 eo
1031 3065 1272 3129 lineam
1320 3082 1565 3130 rectam
1611 3065 2055 3150 designantes;
2103 3062 2364 3127 lamella
2394 3060 2611 3125 media

367 3172 703 3256 epigynae
749 3171 1125 3258 plerumque
1173 3171 1517 3237 manifesto
1566 3183 1676 3236 aut
1723 3172 2067 3256 insigniter
2105 3168 2369 3233 brevior
2413 3190 2608 3255 quam

364 3276 797 3342 latior...
889 3329 943 3344 ..
996 3327 2179 3344 ............
2383 3326 2396 3340 .
2705 3275 2786 3339 16

365 3423 453 3432 -
507 3423 592 3432 -
648 3386 861 3472 paullo
897 3409 1057 3472 pone
1088 3388 1452 3470 marginem
1484 3387 1774 3450 anticum
1807 3384 2041 3451 foveae
2068 3385 2304 3466 innati3
2350 3380 2610 3446 lamella

365 3493 593 3556 media
641 3494 964 3580 epigynae
1011 3495 1387 3578 saepissime
1416 3493 1673 3578 longior
1716 3514 1912 3578 quam
1958 3491 2173 3573 latiort,
2222 3511 2449 3574 margo
2494 3510 2601 3552 an·

361 3598 542 3663 tiens
595 3597 828 3664 foveae
873 3623 1002 3663 non
1050 3599 1399 3684 angulatas
1406 3648 2136 3663 ........
2231 3597 2289 3662 8.
2335 3596 2412 3659 A.
2461 3596 2787 3660 terrestris.

217 3704 317 3769 16.
368 3706 612 3791 Margo
658 3706 913 3770 anticus
961 3707 1191 3771 foveae
1236 3705 1617 3793 plerumque
1664 3704 1899 3770 leviter
1943 3704 2291 3788 angulatus
2359 3700 2428 3766 in
2473 3724 2609 3766 me-

361 3813 493 3896 dio,
529 3815 750 3899 paries
781 3814 1034 3878 anticus
1067 3813 1295 3878 foveae
1326 3812 1703 3900 inaequalis,
1743 3811 2154 3897 impendenst,
2203 3810 2427 3875 dentes
2460 3831 2607 3873 eum

361 3920 674 4003 margine
721 3921 936 3984 antino
981 3918 1194 3984 medio
1250 3920 1479 3985 foveae
1527 3918 1766 3983 lineam
1814 3918 2161 4002 designant
2206 3928 2452 3980 rectam
2498 3924 2610 3978 aut

359 4025 669 4111 paullulo
718 4038 1125 4090 recurvatam
1130 4071 2608 4091 ...............
2707 4022 2783 4085 17

357 4172 449 4181 -
513 4172 593 4181 --
653 4171 734 4179 —-
786 4131 1164 4219 plerumque
1226 4133 1455 4197 leviter
1516 4132 1942 4219 aequabiliter
2002 4144 2419 4213 recurvatuS‚
2481 4149 2608 4190 non

354 4238 728 4325 angulatas
774 4241 842 4303 in
890 4239 1121 4323 medio,
1169 4240 1381 4326 paries
1413 4241 1668 4304 anticus
1702 4239 1926 4303 foveae
1973 4259 2203 4325 parum
2236 4233 2611 4320 inaequalis,

355 4347 764 4433 plerumque
808 4346 892 4410 ad
937 4346 1480 4433 perpendiculum
1525 4346 1840 4429 directus3
1903 4345 2128 4409 dentes
2174 4354 2323 4406 ante
2368 4340 2610 4425 margi-

352 4476 510 4520 nem
566 4455 864 4518 antieum
912 4453 1135 4519 foveae
1181 4454 1504 4539 epigynae
1551 4452 1790 4516 adnati.
1852 4503 1864 4515 .
1957 4502 1972 4516 .
2064 4501 2076 4513 .
2174 4453 2270 4513 11.
2320 4453 2395 4511 A.
2435 4448 2789 4533 pabulator.

209 4564 305 4627 17.
355 4563 628 4628 Dentes
690 4563 1012 4649 epigynae
1074 4561 1425 4642 breviores.
1489 4559 1734 4624 directo
1795 4582 1834 4623 a
1894 4568 2077 4644 parte
2136 4556 2445 4620 inferiore
2493 4554 2607 4618 ad-

351 4671 574 4757 speeti
629 4670 960 4752 margines
1007 4666 1326 4752 lamellae,
1373 4688 1538 4753 quae
1587 4666 1856 4731 fundum
1894 4665 2125 4730 foveae
2158 4673 2449 4748 occupat,
2480 4683 2613 4725 non

349 4781 696 4862 attingere
746 4775 1054 4840 videntur
1056 4825 1759 4840 ........
1856 4777 1936 4838 12
1963 4773 2021 4838 b.
2068 4776 2146 4837 A.
2187 4779 2410 4855 pastor
2457 4772 2788 4834 tirolensis.
