3850 5867
898 459 1031 525 460

1033 673 1225 738 Mas.
1274 670 1439 755 (ffig.
1483 671 1593 755 61,
1640 671 1766 752 64).

1031 781 1385 845 Processus
1429 775 1762 864 patellaris
1809 800 1847 840 a
1890 775 2094 841 latere
2155 775 2339 841 visus
2400 774 2691 863 paullulo
2752 797 3011 841 sursum
3066 775 3354 842 directus
3401 789 3465 840 et

899 887 1117 976 paullo
1164 907 1423 950 sursum
1467 895 1800 969 curvatuS‚
1846 906 1884 948 a
1927 896 2114 970 part-e
2160 883 2479 949 exteriore
2523 882 2834 949 inferiore
2866 883 3213 972 adspectus
3242 895 3464 950 rectus

899 1006 1008 1059 aut
1052 992 1385 1059 levissime
1432 990 1608 1055 foras
1657 1002 1986 1076 curvatae,
2048 990 2328 1084 desuper
2382 990 2566 1058 visus
2624 990 2834 1055 forma
2880 990 3108 1057 eadem
3155 1005 3349 1079 atque
3393 993 3463 1054 in

899 1102 1280 1167 Amaurobio
1317 1105 1573 1185 pastore
1630 1098 1853 1186 typico
1916 1109 2029 1163 aut
2074 1096 2279 1164 latere
2338 1098 2645 1164 interiore
2700 1099 2954 1185 apicem
3000 1120 3233 1166 versus
3280 1098 3466 1185 paul-

899 1209 1031 1273 lulo
1079 1208 1353 1290 sinuato,
1397 1205 1604 1272 latere
1647 1206 1967 1274 exteriore
2014 1226 2164 1270 cum
2212 1204 2411 1272 latere
2443 1206 2861 1294 respondenti
2894 1207 3094 1295 partis
3124 1205 3464 1292 patellaris

899 1316 1089 1380 modo
1136 1315 1203 1380 in
1251 1313 1492 1378 lineam
1537 1322 1784 1378 rectam
1848 1312 2039 1380 modo
2102 1312 2171 1376 in
2231 1311 2548 1399 angulum
2610 1334 2994 1402 concavum,
3052 1336 3285 1401 parum
3347 1335 3463 1378 ex·

899 1444 1213 1509 pressum,
1261 1422 1625 1488 coniuncte.
3272 1473 3278 1478 .

1030 1529 1401 1597 Conductor
1445 1527 1685 1598 emboli
1733 1527 1922 1593 latior
1968 1526 2233 1592 videtur
2274 1549 2474 1616 quam
2519 1527 2590 1594 in
2622 1531 2701 1591 A.
2725 1535 2982 1612 pastore
3024 1529 3269 1617 typice,
3314 1527 3466 1593 bre-

899 1637 1043 1701 vior
1090 1637 1265 1701 enim
1312 1645 1408 1701 est
1468 1634 1538 1698 in
1586 1633 1787 1701 latere
1834 1635 2079 1720 postico
2144 1635 2312 1718 (0·47
2365 1656 2498 1698 mm
2565 1633 2799 1721 longus
2859 1646 3026 1721 ante,
3088 1635 3229 1700 basi
3290 1636 3463 1716 0-27,

897 1744 1082 1830 apice
1128 1745 1277 1809 0-15
1324 1742 1538 1828 latus),
1600 1742 1786 1827 apice
1834 1738 2096 1828 oblique
2148 1752 2488 1806 truncatus
2542 1752 2607 1807 et
2659 1763 3127 1829 nonnunquam
3172 1741 3466 1829 paullulo

897 1853 1357 1938 emarginatus,
1401 1848 1642 1936 angulo
1686 1849 2009 1914 anteriore
2040 1859 2229 1914 acuto
2260 1871 2389 1913 non
2422 1847 2786 1934 rotundato,
2833 1851 3185 1937 posteriore
3230 1849 3467 1916 obtuso

897 1969 1011 2024 aut
1056 1957 1416 2023 rotundato.

1032 2066 1353 2130 Diametri
1400 2064 1761 2129 oculorum:
1824 2073 1953 2129 ant.
2000 2062 2167 2127 med.
2213 2063 2381 2148 012,
2440 2075 2573 2128 ant.
2620 2063 2728 2128 lat.
2775 2064 2924 2130 0-18
2966 2075 3036 2129 et
3080 2065 3248 2149 0-14,
3301 2075 3466 2151 post.

898 2173 1068 2238 med.
1113 2174 1325 2256 0155,
1371 2184 1531 2258 post.
1578 2170 1688 2235 lat.
1734 2172 1884 2236 016
1932 2180 1997 2234 et
2042 2171 2254 2252 0-145,
2301 2170 2679 2237 intervalla:
2726 2182 2854 2238 ant.
2901 2171 3069 2237 med.
3117 2173 3286 2258 013,
3331 2183 3466 2236 ant.

898 2279 1008 2346 lat.
1055 2282 1222 2366 0-08,
1270 2293 1430 2367 post.
1477 2277 1644 2344 med.
1691 2279 1859 2360 017,
1907 2287 2065 2363 post.
2111 2277 2221 2342 lat.
2267 2277 2416 2342 0-22
2462 2301 2599 2341 mm
2645 2278 2857 2364 longa.
2905 2281 3080 2345 Area
3124 2278 3465 2344 oculorum

900 2387 1263 2456 mediorum
1309 2397 1458 2454 ante
1504 2387 1671 2472 0·36‚
1719 2407 1882 2473 pone
1927 2385 2072 2450 0·47
2124 2384 2274 2470 lata,
2320 2387 2470 2452 0·44
2515 2385 2729 2472 longa.
2775 2386 3064 2476 Clypeus
3113 2385 3234 2451 sub
3273 2385 3465 2451 oculo

900 2495 1115 2559 medio
1160 2496 1313 2560 022
1362 2493 1551 2560 altus.

1032 2600 1551 2690 Cephalothorax
1581 2600 1686 2665 4·3
1718 2600 1971 2686 longua
2020 2601 2118 2666 3-1
2162 2599 2351 2684 latus,
2400 2622 2548 2685 pars
2589 2599 2921 2685 cephalica
2957 2601 3055 2668 1·9
3087 2600 3238 2686 lata,
3278 2622 3465 2665 man·

899 2709 1161 2775 dibulae
1212 2709 1310 2774 1·8
1359 2707 1609 2795 longae,
1662 2710 1761 2772 1-9
1811 2707 1999 2772 latae.
2046 2706 2298 2774 Pedum
2345 2707 2743 2772 internodia:

1325 2817 1376 2880 Ι.
1544 2816 1667 2899 3-7,
1853 2816 2015 2897 1-55,
2196 2814 2316 2899 3-4,
2496 2817 2621 2899 3-7,
2800 2816 2904 2879 2-0

1324 2922 1414 2987 ΙΙ.
1543 2922 1666 3006 3·5,
1848 2920 2013 3006 1-55,
2195 2921 2318 3006 3-0,
2500 2924 2621 3007 3-5,
2808 2922 2950 2986 1-95

1324 3030 1447 3095 ΙΙΙ.
1532 3030 1658 3115 5-2,
1842 3031 1961 3107 1-4,
2182 3028 2310 3106 26,
2490 3029 2615 3114 3-5,
2800 3030 2897 3095 1-8

1325 3135 1443 3202 IV.
1533 3138 1657 3222 4-0,
1841 3137 2006 3220 1-55,
2187 3136 2309 3221 3-6,
2492 3137 2615 3219 48,
2796 3138 2901 3201 2-2
2951 3135 3164 3221 longa.

1033 3245 1271 3308 Forma
1318 3245 1628 3309 tirolensis
1673 3244 2047 3308 Amaurobz‘i
2083 3246 2363 3328 pastoris
2423 3242 2591 3308 lecta
2645 3255 2744 3307 est
2803 3245 2872 3307 in
2935 3242 3215 3329 Alpibus
3262 3244 3462 3308 confi-

900 3353 1080 3416 nium
1144 3351 1445 3437 Tiroliae,
1506 3349 1870 3435 Helvetiae⁷
1934 3348 2164 3415 Italiae
2225 3350 2693 3436 occupantibus
2755 3362 2820 3414 et
2876 3389 2957 3398 —-
3006 3351 3281 3415 testibus
3326 3350 3461 3418 Cel.

901 3460 1005 3523 Fr.
1054 3457 1353 3523 Mullerio
1407 3468 1473 3522 et
1526 3458 1599 3523 E.
1648 3455 2043 3524 Schenkelio
2090 3495 2170 3505 -
2221 3458 2291 3521 in
2346 3456 2654 3522 Helvetia
2714 3457 2803 3542 (S.
2866 3458 3286 3542 Bernardino‚
3331 3456 3463 3521 Val

901 3566 1133 3647 Piora).
1180 3603 1268 3613 —
1315 3564 1637 3651 Exempla
1684 3563 1822 3628 vidi
1871 3586 1966 3628 ca.
2014 3565 2117 3629 20.

1413 3830 1506 3899 13.
1554 3829 1993 3902 Amant-obius
2042 3832 2342 3901 Pickardi
2392 3832 2491 3914 (O.
2541 3833 2609 3897 P.
2658 3832 2958 3913 camba).

903 3991 1056 4047 1873.
1100 3990 1336 4044 Coazotes
1371 3991 1640 4050 Piokardi
1676 3994 1736 4044 O.
1779 3995 1834 4043 P.
1861 3994 2200 4058 Cambridge,
2239 3994 2320 4044 On
2359 4011 2504 4046 some
2541 4011 2659 4044 new
2697 3996 2912 4059 Species
2949 3997 3013 4048 of
3034 3997 3317 4062 European
3342 3997 3461 4061 spi-

1223 4081 1343 4132 ders
1381 4082 1452 4146 (J.
1492 4083 1648 4133 Linn.
1688 4082 1824 4152 Soc„
1864 4097 1914 4131 v.
1954 4081 2043 4150 11)
2082 4100 2131 4147 p.
2170 4081 2293 4146 537,
2334 4091 2370 4135 t.
2412 4082 2495 4148 14,
2535 4085 2572 4135 f.
2613 4083 2648 4134 5
2686 4100 2734 4148 a,
2760 4084 2809 4134 d.

1035 4205 1456 4272 Amaurobz‘us
1501 4206 1808 4271 Pickardi
1853 4204 2145 4290 fortasse,
2192 4205 2321 4270 imo
2368 4206 2809 4292 probabiliter,
2872 4207 3084 4272 forma
3122 4220 3227 4275 est
3269 4210 3460 4275 modo

902 4313 1274 4377 Amaurobz'i
1310 4315 1591 4398 pastoris
1609 4336 1632 4393 ;
1691 4311 1762 4376 in
1805 4334 2116 4398 praesens
2167 4322 2235 4377 ut
2281 4315 2563 4400 speciem
2610 4316 2941 4400 propriam
2988 4336 3139 4379 eum
3183 4316 3459 4402 profem,

901 4419 1205 4504 quoniam
1253 4418 1497 4483 femina
1543 4419 1685 4484 eius
1729 4421 1956 4504 ignota
1998 4431 2098 4484 est
2143 4420 2228 4484 ad
2274 4420 2396 4486 hoc
2443 4431 2712 4506 tempus.

1036 4526 1224 4590 Mas.
1273 4523 1441 4611 (Fig.
1490 4527 1594 4611 35,
1642 4527 1746 4613 50,
1789 4527 1923 4611 61).

1033 4629 1385 4717 Palporum
1430 4653 1583 4721 pars
1630 4633 1961 4720 patellaris
2010 4657 2207 4723 supra
2252 4636 2322 4698 in
2353 4633 2528 4700 linea
2566 4635 2869 4701 mediana
2894 4639 3048 4703 052
3080 4660 3216 4703 mm
3246 4637 3461 4724 longa,

901 4737 1042 4803 basi
1088 4741 1239 4805 029
1286 4739 1435 4826 lata,
1494 4741 1563 4804 in
1611 4752 1794 4829 parte
1856 4739 2174 4807 latissima
2229 4764 2322 4807 ca.
2383 4744 2533 4808 0-52
2579 4743 2728 4820 lata,
2776 4745 2844 4806 in
2893 4743 3093 4809 latere
3139 4746 3462 4812 exteriore
