3850 5867
2717 525 2852 591 429

329 737 575 802 brevior
620 759 814 825 quam
860 758 1011 824 pars
1056 735 1404 823 patellaris,
1449 734 1645 821 duplo
1690 733 1947 821 longior
1989 756 2185 822 quam
2232 735 2373 801 basi
2417 735 2605 823 latus,
2650 736 2853 804 latere

314 845 602 909 interiore
647 855 824 909 recto
885 842 1042 929 fere,
1102 843 1420 908 exteriore
1463 840 1695 910 leviter
1755 852 1819 908 et
1878 842 2096 929 paullo
2155 842 2654 930 inaequabiliter
2698 865 2852 910 con-

317 973 483 1034 vexo,
533 950 618 1016 ad
669 953 918 1039 apicem
969 948 1257 1036 paullulo
1302 950 1574 1033 sinuat0,
1635 949 1889 1036 apicem
1934 971 2168 1013 versus
2212 950 2432 1037 itaque
2476 950 2854 1039 inaequabi-

315 1057 444 1123 liter
488 1071 892 1145 angustatus,
935 1058 1120 1144 apice
1167 1067 1397 1121 acutus
1443 1068 1554 1123 aut
1598 1055 1931 1124 levissime
1974 1056 2239 1122 incisus.
2315 1057 2521 1122 Latus
2566 1058 2853 1124 exterius

316 1188 642 1252 processus
693 1188 843 1230 cum
874 1164 1074 1229 latere
1104 1163 1520 1251 respondenti
1555 1164 1758 1249 partis
1789 1161 2121 1251 patellaris
2151 1185 2316 1249 pone
2348 1162 2630 1230 mediam
2657 1164 2851 1230 huius

312 1271 768 1358 longitudinem
814 1273 882 1336 in
929 1270 1245 1356 angulum
1291 1291 1650 1335 concavum
1700 1270 2001 1336 obtusum
2046 1269 2650 1336 manifestissimum
2698 1293 2852 1337 con-

309 1380 602 1467 iungitur.
652 1382 711 1445 A
742 1380 943 1444 latere
988 1380 1172 1443 visus
1216 1399 1561 1466 processus
1608 1379 1935 1443 anteriora
1977 1400 2207 1443 versus
2238 1388 2302 1443 et
2332 1378 2547 1464 paullo
2594 1401 2851 1444 sursum

312 1487 606 1573 directus,
650 1498 869 1552 rectus
914 1486 1069 1570 fere,
1137 1485 1277 1551 basi
1327 1485 1589 1552 circiter
1632 1484 1920 1569 dimidio,
1966 1485 2152 1573 apice
2197 1507 2352 1550 vero
2396 1485 2596 1574 duplo
2642 1498 2707 1553 et
2752 1486 2852 1551 di-

311 1594 494 1659 midio
544 1594 883 1681 angustior
924 1616 1122 1681 quam
1168 1592 1376 1668 latior,
1439 1614 1477 1656 a
1540 1593 1681 1659 basi
1727 1595 1939 1681 primo
2000 1592 2254 1659 modice
2312 1604 2695 1679 angustatus
2757 1594 2852 1681 (in

308 1700 494 1767 latere
562 1701 896 1789 superiore
956 1700 1247 1785 fortius),
1312 1710 1450 1764 tum
1512 1701 1579 1763 in
1642 1702 1882 1786 magna
1941 1711 2121 1788 parte
2179 1699 2523 1765 latitudine
2581 1700 2852 1788 aequali,

306 1809 475 1895 apice
525 1830 760 1896 parum
806 1806 1064 1894 oblique
1108 1818 1448 1872 truncatus
1493 1816 1557 1873 et
1600 1807 1668 1871 in
1701 1805 1918 1872 sinum
1965 1807 2379 1872 rotundatum
2429 1808 2705 1893 excisus,
2738 1830 2851 1873 an-

306 1913 450 1999 gulo
497 1916 830 2003 superiore
892 1913 1182 2003 paullulo
1242 1913 1501 2000 longius
1562 1914 1875 2001 producto
1939 1936 2131 2002 quam
2190 1914 2477 1999 inferior,
2538 1914 2852 1982 ambobus

301 2044 551 2088 summo
599 2023 781 2108 apice
825 2021 1091 2087 obtusis.
1136 2021 1366 2109 Margo
1410 2020 1681 2108 apiealis
1727 2033 1790 2088 et
1833 2044 1986 2109 pars
2016 2021 2333 2109 quaedam
2381 2022 2698 2109 marginis
2743 2045 2852 2087 su-

305 2130 571 2215 perioris
617 2131 686 2194 in
740 2130 1034 2195 carinam
1081 2149 1452 2216 compressa
1496 2140 1774 2215 acutam,
1833 2150 2000 2217 quae
2057 2129 2126 2193 in
2170 2127 2340 2194 latus
2386 2129 2658 2194 interius
2705 2151 2851 2216 pro·

314 2257 531 2302 cessus
580 2258 709 2302 non
754 2235 1112 2303 descendit.
1168 2276 1238 2285 -·
1292 2236 1455 2302 Pars
1501 2235 1832 2325 patellaris
1877 2259 2075 2325 supra
2118 2259 2246 2301 non
2293 2246 2529 2322 retusa,
2574 2234 2854 2323 desuper

305 2344 441 2408 visa
487 2365 724 2431 parum
773 2342 1042 2409 dilatata
1089 2343 1156 2408 in
1202 2343 1407 2409 latere
1452 2345 1788 2428 exteriore,
1833 2345 1900 2407 in
1935 2354 2116 2431 parte
2160 2343 2475 2409 latissima
2520 2343 2853 2431 (processu

302 2450 591 2537 excluso)
642 2449 915 2515 dimidio
962 2450 1100 2516 fere
1160 2449 1354 2516 latior
1397 2473 1593 2538 quam
1638 2450 1777 2516 basi
1824 2462 1889 2517 et
1931 2451 2277 2537 insigniter
2322 2456 2439 2531 (ca.
2491 2452 2599 2535 ¹l7)
2645 2473 2852 2536 angu-

295 2558 452 2623 stior
495 2580 693 2647 quam
753 2559 822 2621 in
867 2557 1042 2624 linea
1100 2557 1403 2624 mediana
1460 2558 1673 2645 longa.
1731 2559 2141 2647 Quamquam
2203 2581 2351 2645 pars
2410 2557 2573 2624 haec
2632 2560 2851 2622 minus

298 2664 562 2731 dilatata
610 2676 709 2731 est
754 2688 950 2753 quam
994 2665 1066 2729 in
1113 2666 1493 2732 Amaurobio
1538 2666 1730 2749 obeso,
1781 2689 1911 2732 una
1956 2689 2105 2733 cum
2153 2688 2457 2753 processu
2505 2703 2595 2714 —
2640 2665 2851 2750 magis

296 2769 686 2838 divaricanti
716 2811 804 2821 —
835 2772 1117 2861 desuper
1162 2772 1353 2838 latior
1396 2772 1660 2839 videtur
1703 2795 1895 2860 quam
1944 2774 2010 2837 in
2044 2773 2242 2839 latere
2273 2774 2592 2838 exteriore
2637 2771 2853 2857 longa.

423 2880 685 2966 Carina,
747 2882 874 2967 qua
937 2902 1087 2967 pars
1148 2879 1395 2945 tibialis
1457 2879 1682 2946 subter
1740 2892 2023 2966 ornatur,
2085 2902 2177 2947 ca.
2232 2879 2310 2968 ¹l4
2358 2879 2612 2965 longior
2655 2900 2852 2967 quam

295 2987 598 3073 spatium,
645 3009 773 3074 quo
819 3008 858 3052 a
903 2986 1042 3052 basi
1091 2986 1441 3052 internodii
1487 2987 1700 3053 distat.
1732 3027 1810 3037 —
1847 2987 2088 3054 Carina
2130 2986 2413 3052 laminae
2459 2985 2717 3051 tarsalis
2769 2984 2848 3075 Ἰ,

296 3090 723 3180 longitudinis
793 3106 1090 3182 occupat3
1153 3116 1322 3181 apex
1382 3095 1522 3161 eius
1583 3095 1789 3182 spatio
1851 3117 2055 3182 parvo
2113 3118 2153 3159 a
2215 3096 2512 3180 margine
2571 3092 2855 3158 laminae

291 3199 504 3265 distat.

421 3309 810 3375 Stemmatis
871 3307 1127 3373 fabrica
1187 3307 1420 3373 similis
1480 3321 1670 3397 atque
1732 3309 1798 3373 in
1847 3308 1997 3374 aliis
2042 3309 2461 3383 AmaurobiiS,
2521 3306 2635 3371 sed
2698 3328 2853 3372 con-

292 3412 524 3479 ductor
574 3413 816 3480 emboli
863 3414 1314 3501 magnitudine
1377 3428 1440 3482 et
1501 3415 1709 3480 forma
1756 3415 1950 3481 valde
1995 3416 2292 3501 insignis,
2357 3426 2430 3479 ut
2474 3415 2541 3479 in
2591 3433 2857 3500 praece·-

289 3520 604 3588 dentibus
650 3520 907 3586 duabus
955 3523 1313 3610 speciebus,
1360 3521 1780 3608 longissimus
1812 3524 1983 3588 enim
2034 3534 2131 3588 est
2160 3536 2242 3587 ·et
2281 3523 2561 3587 taeniam
2612 3520 2855 3586 format

289 3629 652 3693 maximam
698 3640 943 3715 partem
992 3628 1334 3695 latitudine
1381 3630 1518 3695 fere
1564 3629 1839 3717 aequali,
1880 3630 2092 3696 basim
2137 3650 2367 3695 versus
2399 3627 2590 3693 modo
2619 3627 2854 3692 leviter

286 3734 744 3821 incrassatam,
805 3734 889 3800 ad
937 3736 1187 3823 apicem
1235 3738 1559 3824 utrimque
1606 3735 1821 3823 paullo
1879 3734 2379 3823 inaequabiliter
2423 3744 2852 3819 angustatam,

286 3841 474 3927 apice
541 3841 878 3924 obtusam3
939 3843 1007 3907 in
1053 3854 1235 3930 parte
1297 3845 1515 3908 antica
1573 3844 1879 3909 interiore
1940 3843 2300 3908 stemmatis
2357 3843 2614 3906 initium
2681 3840 2855 3925 capit

284 3947 655 4015 conductor
725 3948 963 4014 emboli
1034 3951 1358 4015 anteriora
1423 3970 1655 4016 versus
1724 3963 1787 4015 et
1869 3950 2045 4015 foras
2113 3962 2178 4015 et
2247 3947 2531 4037 paullulo
2591 3970 2851 4013 sursum

285 4053 603 4140 directus,
665 4055 843 4120 hunc
889 4056 957 4120 iu
1006 4057 1268 4122 modum
1320 4068 1655 4123 curvatus:
1719 4060 1941 4145 primo,
1972 4054 2163 4141 foras,
2221 4067 2358 4122 tum
2405 4067 2575 4120 retro
2622 4077 2852 4120 secun-

282 4161 440 4227 dum
494 4163 875 4250 marginem
939 4165 1324 4229 exteriorem
1385 4163 1668 4230 laminae
1713 4165 1987 4247 tarsalis,
2046 4186 2085 4228 a
2149 4186 2274 4251 quo
2318 4186 2447 4228 non
2495 4160 2722 4250 procul
2769 4160 2851 4226 ab

281 4270 469 4356 apice
521 4270 732 4356 partis
792 4269 1035 4335 tibialis
1096 4269 1399 4336 deorsum
1463 4283 1527 4337 et
1585 4272 1762 4337 intus
1824 4270 2176 4354 descendit,
2238 4270 2559 4335 anteriora
2623 4290 2853 4333 versus

281 4388 630 4460 curvatur,
685 4376 929 4442 deinde
975 4376 1152 4441 foras
1198 4388 1262 4443 et
1307 4401 1586 4469 sursum,
1632 4391 1770 4444 tum
1817 4380 2129 4443 interiora
2175 4399 2408 4443 versus
2451 4376 2659 4441 flexus
2707 4396 2854 4461 cum

279 4490 464 4569 parte
509 4486 640 4549 sua
685 4464 893 4549 basali
959 4485 1293 4571 contingit,
1354 4485 1528 4550 unde
1589 4508 1660 4551 se
1720 4485 1921 4551 flectit
1981 4496 2152 4551 retro
2200 4496 2263 4550 et
2310 4483 2587 4570 denique
2632 4454 2852 4570 paullo

279 4589 459 4656 foras
507 4600 580 4657 et
632 4591 956 4657 deorsum.
1032 4591 1197 4657 Pars'
1243 4592 1486 4658 basalis
1534 4592 1947 4659 conductoris
1994 4593 2208 4657 minor
2251 4591 2335 4656 in·
2366 4613 2592 4655 arcum
2637 4582 2854 4677 paullo

279 4696 794 4785 inaequabilem,
856 4720 1005 4785 pars
1051 4697 1320 4786 apiealis
1363 4699 1620 4785 longior
1680 4700 1749 4765 in
1801 4701 1852 4765 S
1893 4721 2205 4784 magnum
2251 4708 2512 4763 curvata
2562 4697 2692 4761 dici
2740 4718 2852 4784 po-

277 4813 417 4869 test.
485 4806 790 4891 Longior
850 4816 948 4871 est
1009 4804 1366 4871 conductor
1426 4829 1622 4893 quam
1682 4808 1750 4871 in
1812 4806 2137 4893 prioribus
2200 4804 2468 4889 duobus,
2526 4804 2853 4893 imprimis
