3850 5867
2842 521 2976 585 445

1029 738 1079 802 Ι.
1171 739 1292 814 3·7,
1387 738 1505 816 1·7‚
1640 737 1763 821 2·9‚
1899 737 2021 820 3·2,
2116 738 2233 818 1·7,

991 846 1078 911 Π.
1168 846 1290 928 3·4,
1386 844 1547 927 1·65,
1639 846 1760 928 2-4,
1894 844 2017 922 2·8,
2112 843 2296 928 1·65,“

955 952 1077 1017 ΙΙΙ.
1169 953 1292 1036 3·0,
1386 952 1504 1035 1·6‚
1646 953 1809 1035 195,
1898 951 2022 1035 28,
2115 952 2234 1034 1·5,

957 1059 1073 1124 IV.
1164 1059 1287 1143 3·8‚
1383 1060 1548 1136 145,
1638 1059 1761 1142 30,
1898 1057 2020 1140 3·8,
2114 1058 2214 1124 1·8
2264 1080 2398 1121 mm
2444 1055 2654 1143 longa.

560 1168 743 1232 Mas.
792 1168 960 1252 (Fig.
1007 1167 1113 1252 29,
1157 1167 1262 1250 45,
1310 1166 1438 1249 63).

558 1273 908 1339 Processus
952 1273 1279 1361 patellaris
1327 1272 1662 1359 palporum
1732 1271 1979 1337 directo
2025 1294 2063 1336 a
2110 1271 2308 1337 latere
2356 1271 2534 1335 visus
2581 1270 2792 1334 forma
2837 1269 2975 1334 fere

421 1381 648 1447 eadem
695 1390 887 1468 atque
933 1382 999 1445 in
1031 1380 1412 1446 Amaurobio
1441 1382 1743 1445 solitario.
1793 1379 1871 1444 In
1905 1378 2105 1444 latere
2150 1379 2454 1444 interiore
2482 1399 2822 1464 processus
2866 1355 2989 1442 hie'

426 1489 506 1576 Ἰ,
556 1487 806 1574 longior
851 1499 950 1552 est
1007 1510 1202 1575 quam
1263 1488 1404 1554 basi
1452 1486 1618 1552 latus
1676 1497 1739 1551 et
1797 1508 2001 1574 aeque
2047 1485 2184 1551 fere
2245 1496 2436 1573 atque
2487 1485 2564 1571 ²l3
2612 1485 2814 1572 partis
2861 1506 2973 1571 pa-

422 1595 669 1660 tellaris
716 1595 971 1681 longus;
1042 1594 1290 1659 directo
1351 1593 1629 1680 desuper
1677 1595 1857 1658 visus
1903 1602 2153 1680 apicem
2215 1616 2445 1658 versus
2491 1591 2725 1657 leviter
2770 1613 2974 1678 angu-

423 1714 644 1788 status,
690 1703 874 1790 apice
921 1712 1021 1767 sat
1063 1714 1337 1787 anguste
1381 1700 1639 1787 oblique
1684 1712 2043 1782 truncatus3
2094 1700 2257 1765 latus
2303 1701 2440 1765 eius
2486 1700 2774 1765 exterius
2821 1720 2973 1763 cum

420 1810 622 1876 latere
682 1811 998 1876 exteriore
1061 1810 1259 1897 partis
1323 1808 1652 1896 patellaris
1712 1808 1781 1873 in
1843 1807 2085 1873 lineam
2144 1819 2391 1873 rectam
2437 1807 2865 1891 coniungitur.
2915 1807 2973 1870 A

422 1917 623 1983 latere
666 1918 988 1983 exteriore
1019 1917 1200 1981 visus
1231 1939 1537 2003 procesus
1584 1915 1721 1981 fere
1768 1916 2091 1980 anteriora
2138 1936 2365 1980 versus
2412 1913 2715 1998 directae,
2762 1936 2801 1977 a
2832 1912 2973 1977 basi

422 2026 633 2111 primo
679 2024 934 2089 modice
978 2036 1376 2109 angustatus,
1420 2034 1558 2087 tum
1589 2022 1822 2087 leviter
1852 2021 2174 2107 dilatatus,
2220 2021 2498 2108 denique
2543 2021 2673 2086 cito
2718 2019 2975 2105 oblique

420 2142 821 2217 angustatus,
867 2130 1067 2196 latere
1113 2131 1441 2218 superiore
1487 2153 1526 2195 a
1572 2141 1754 2216 parte
1802 2129 2118 2194 altissima
2164 2128 2246 2193 ad
2294 2127 2607 2212 angulum
2654 2125 2973 2215 apicalem

419 2238 595 2304 infra
638 2239 852 2322 situm,
898 2249 1179 2319 acutum,
1238 2236 1496 2324 oblique
1542 2235 1712 2302 linea
1758 2234 2048 2323 paullulo
2110 2233 2467 2321 sigmoidea
2528 2233 2974 2315 descendenti3

419 2344 569 2411 lobo
615 2346 872 2433 proprio
917 2345 984 2409 in
1031 2345 1324 2431 margine
1372 2345 1700 2432 superiore
1747 2354 1923 2410 caret
1966 2343 2076 2408 hic
2121 2365 2477 2430 processus.
2524 2344 2583 2406 A
2631 2352 2812 2427 parte
2858 2363 2973 2405 ex-

418 2454 654 2518 teriore
701 2452 1009 2517 inferiore
1055 2473 1394 2538 processus
1442 2450 1767 2537 patellaris
1812 2473 2018 2538 paene
2064 2461 2277 2516 rectus
2324 2449 2602 2533 videtur,
2648 2470 2857 2535 neque
2904 2449 2972 2511 in

421 2560 734 2644 angulum
781 2558 1081 2624 obtusum
1127 2560 1306 2624 intus
1353 2557 1616 2637 fractus,
1663 2569 1733 2623 ut
1777 2560 1844 2623 in
1891 2559 2294 2623 Amaurobiis
2323 2565 2543 2643 atropo
2575 2568 2637 2622 et
2667 2558 2969 2621 solitario.

417 2666 678 2748 Carina,
724 2667 791 2729 in
825 2689 1023 2753 quam
1070 2688 1476 2752 compressus
1524 2677 1622 2731 est
1668 2688 1893 2752 margo
1928 2664 2196 2753 apicalis
2226 2687 2580 2752 processus,
2627 2675 2696 2727 ut
2742 2665 2808 2726 in
2842 2662 2972 2726 illis

419 2774 488 2838 in
538 2773 704 2838 latus
750 2774 1024 2839 interius
1067 2772 1558 2859 transgreditur.

553 2880 714 2945 Pars
759 2880 1086 2967 patellaris
1132 2889 1229 2944 sat
1275 2879 1525 2944 fortiter
1571 2878 1835 2944 dilatata
1877 2880 1948 2943 in
1981 2879 2178 2944 latere
2210 2880 2546 2964 exteriore,
2593 2899 2790 2965 prope
2835 2878 2972 2963 api-

417 3009 564 3053 cem
611 3009 703 3052 ca.
753 2987 834 3075 'ss
888 2985 1074 3052 latior
1135 3009 1327 3074 quam
1375 2986 1513 3051 basi
1575 2996 1639 3051 et
1698 3008 1901 3074 aeque
1949 2988 2210 3052 circiter
2253 2987 2383 3052 lata
2428 2998 2617 3073 atque
2685 2986 2753 3050 in
2799 2985 2973 3050 linea

419 3095 723 3160 mediana
768 3093 978 3180 longa.
1026 3093 1266 3159 Carina
1295 3094 1497 3181 partis
1543 3093 1787 3159 tibialis
1836 3095 1912 3182 ⁴s⁷
1965 3094 2218 3180 longior
2263 3115 2457 3180 quam
2504 3094 2800 3180 spatium,
2847 3115 2972 3179 quo

418 3224 456 3265 a
501 3201 642 3266 basi
689 3200 1041 3266 internodii
1089 3200 1301 3265 distat.

552 3308 791 3375 Carina
834 3307 1117 3374 laminae
1161 3308 1417 3373 tarsalis
1465 3307 1698 3372 similis
1745 3319 1934 3395 atque
1981 3308 2048 3372 in
2096 3308 2474 3373 Amaurobio
2504 3308 2802 3372 solitario.
2848 3306 2972 3373 Ca-

419 3413 632 3480 rinula
694 3417 1054 3481 stemmatis
1114 3438 1277 3502 pone
1339 3416 1408 3479 in
1471 3414 1730 3480 dentem
1798 3427 2060 3480 acutum
2122 3414 2403 3480 liberum
2464 3437 2592 3478 non
2638 3412 2971 3501 producta.

418 3522 734 3588 Embolus
781 3520 1012 3586 similis
1060 3535 1251 3609 atque
1296 3524 1364 3586 iu
1411 3526 1489 3587 A.
1535 3530 1755 3607 atropo
1787 3535 1851 3588 et
1880 3525 2181 3589 solitario.
2234 3522 2454 3586 Paries
2501 3521 2772 3586 inferior
2818 3542 2971 3585 con-

416 3629 705 3695 ductoris
750 3628 984 3694 emboli
1032 3652 1069 3693 a
1117 3639 1298 3716 parte
1343 3629 1650 3694 inferiore
1696 3633 1877 3694 visus
1923 3640 2343 3717 pentagonuS,
2375 3628 2696 3694 anteriora
2743 3649 2972 3692 versus

420 3747 482 3800 et
528 3735 703 3801 foras
750 3735 1053 3821 directus,
1099 3758 1191 3802 ca.
1239 3737 1388 3802 032
1437 3735 1685 3822 longus,
1731 3737 1878 3802 027
1927 3737 2115 3821 Istue,
2168 3735 2343 3801 foras
2386 3736 2620 3800 leviter
2664 3744 2971 3800 curvatus

415 3854 526 3907 aut
570 3854 804 3926 rectus,
867 3845 1128 3908 circiter
1187 3844 1254 3907 in
1303 3842 1384 3930 ⁴s5
1435 3842 1765 3909 besalibus
1826 3844 2077 3930 apicem
2142 3866 2371 3908 versus
2432 3841 2719 3929 paullulo
2780 3841 2970 3906 modo

416 3961 785 4015 attenuatus
832 3954 895 4030 (a
940 3960 1123 4036 parte
1168 3948 1477 4014 inferiore
1525 3951 1871 4037 posteriore
1920 3951 2102 4015 visus
2151 3973 2276 4015 non
2320 3955 2740 4035 angustatus),
2784 3951 2971 4037 apice

420 4058 743 4143 utrimque
804 4057 1018 4122 subito
1077 4056 1168 4121 ita
1228 4067 1615 4140 contractus,
1685 4069 1755 4122 ut
1818 4058 1885 4121 in
1950 4057 2266 4142 angulum
2327 4058 2625 4123 desinere
2670 4056 2972 4121 videatur

417 4162 552 4229 fere
598 4175 853 4228 rectum
901 4164 1111 4251 (apice
1144 4163 1425 4249 paullulo
1456 4164 1888 4251 productum),
1937 4188 2188 4229 summo
2220 4166 2402 4251 apice
2434 4164 2969 4248 obtusiusculum,

417 4293 622 4357 paene
685 4272 1207 4361 symmetricum3
1269 4273 1336 4336 in
1385 4270 1860 4355 longitudinem
1923 4271 2177 4337 modice
2237 4294 2584 4354 concavus,
2646 4273 2712 4334 in
2761 4282 2968 4335 trans-

417 4400 683 4443 versum
730 4399 1064 4443 convexus
1111 4389 1207 4443 est
1254 4379 1482 4465 paries,
1530 4379 1611 4443 de
1655 4403 1780 4465 quo
1828 4381 2059 4464 agitur,
2128 4380 2196 4442 in
2242 4391 2422 4466 parte
2470 4377 2703 4465 apicali
2751 4376 2970 4463 paullo

417 4483 790 4571 inaequalis,
836 4484 950 4549 sed
996 4484 1185 4571 plicis
1231 4485 1737 4551 evidentioribus
1783 4484 2111 4571 parallelis
2143 4498 2333 4570 caret,
2380 4486 2707 4570 margines
2741 4506 2969 4549 versus

418 4589 647 4656 fortius
691 4590 1034 4656 induratus
1081 4602 1145 4656 et
1188 4593 1525 4658 obscurior
1556 4615 1748 4680 quam
1780 4593 1847 4656 in
1882 4592 2097 4657 medio
2128 4604 2191 4657 et
2221 4593 2377 4674 basi,
2425 4615 2553 4656 non
2587 4592 2969 4678 pellucidus.

419 4697 636 4763 Paries
683 4698 1098 4764 conductoris
1145 4700 1439 4786 superior
1483 4723 1609 4765 non
1644 4722 1873 4786 parum
1905 4702 2227 4786 prominet
2258 4699 2427 4764 ultra
2481 4699 2649 4764 latus
2680 4700 2969 4764 anticum

417 4806 680 4892 parietis
727 4805 1060 4871 inferioris
1105 4808 1175 4870 in
1223 4806 1494 4872 dimidio
1541 4806 1746 4873 basali
1795 4807 1903 4871 sed
1957 4830 2083 4871 non
2130 4807 2198 4871 in
2249 4818 2429 4894 parte
2476 4807 2726 4893 apic-ali.
