3850 5867
2707 510 2843 575 447

416 717 828 807 Synonymia
874 717 1064 783 huius
1111 719 1351 805 speciei
1413 740 1540 782 non
1607 720 1821 783 minus
1866 719 2177 804 ambigua
2222 729 2320 783 est
2363 742 2553 806 quam
2605 726 2845 787 Amata·

306 825 442 890 robii
490 829 718 910 atropi.
767 826 870 890 An
919 827 1234 890 Araneam
1291 832 1640 891 terrestrem
1686 824 1962 890 Widerii
2012 825 2144 892 Cel.
2178 826 2292 891 Dr.
2328 827 2400 890 L.
2432 826 2621 892 Koch
2671 841 2847 894 recte

308 933 739 1019 interpretatus
802 934 915 1009 sit.
978 932 1262 997 dubitari
1325 944 1549 1020 potest.
1617 933 1843 1021 Typus
1905 932 2362 1019 descriptionis
2425 933 2843 999 Widerianae

307 1039 702 1126 probabiliter
760 1041 951 1125 periit
1017 1062 1166 1104 cum
1213 1041 1501 1103 maxima
1562 1050 1744 1126 parte
1806 1037 2091 1104 thesauri
2137 1039 2328 1104 huius
2375 1043 2726 1126 scriptoris.
2773 1042 2842 1109 Si

307 1145 376 1209 ad
429 1146 810 1211 Beerfelden
875 1148 940 1209 in
1004 1146 1186 1212 Silva
1246 1145 1566 1223 Ottonica.
1629 1147 1741 1211 ubi
1803 1145 1972 1211 lecta
2033 1159 2130 1211 est
2191 1149 2449 1212 Aranea
2489 1138 2840 1231 'terrestri-3,

303 1274 414 1316 una
457 1253 650 1317 modo
697 1253 942 1339 species
985 1254 1361 1317 Amaurobiz’
1406 1254 1708 1338 occurrit,
1769 1254 2214 1339 interpretatio
2278 1253 2434 1318 Dris
2483 1255 2554 1319 L.
2604 1254 2845 1320 Kochii

305 1358 656 1424 confirmari
702 1373 813 1424 aut
861 1362 1096 1424 mutari
1142 1361 1404 1446 poterit3
1452 1361 1503 1424 si
1553 1359 1791 1446 plures,
1839 1360 2301 1446 ignorabimu3‚
2348 1360 2503 1447 quid
2553 1362 2637 1426 sit
2684 1385 2847 1426 vera

300 1468 536 1530 Aranea
586 1470 894 1532 terrestris
939 1466 1113 1531 wid.
1167 1505 1245 1515 —
1297 1467 1651 1531 Difficilior
1697 1478 1793 1531 est
1853 1468 2142 1552 quaestio
2205 1467 2285 1531 de
2338 1470 2715 1534 Amaurobio
2762 1472 2844 1534 ti-

293 1576 461 1657 yriuo
509 1572 577 1638 C.
611 1574 684 1639 L.
721 1574 904 1639 Koch
952 1576 1034 1651 (si
1080 1586 1274 1660 typus
1323 1574 1775 1659 descriptionis
1822 1596 1951 1637 non
1985 1577 2239 1657 exstat).
2288 1586 2358 1638 ut
2406 1575 2588 1639 cuius
2634 1576 2850 1662 patria

298 1679 531 1745 incerta
578 1691 692 1744 est.

904 1949 969 2017 9.
1015 1947 1454 2017 ΑηὶἃυΓοὴῙυθ
1504 1948 1760 2017 Powerl
1810 1948 1910 2023 (E.
1961 1947 2227 2028 Simon).

293 2089 436 2142 1875.
480 2090 718 2142 Coelotes
755 2090 966 2141 Poweri
1007 2093 1063 2142 E.
1104 2093 1301 2153 Simon,
1342 2093 1443 2141 Les
1486 2091 1813 2141 Arachnides
1851 2092 1915 2141 de
1955 2092 2183 2157 Franco,
2225 2107 2269 2142 v,
2312 2091 2361 2158 2,
2399 2109 2447 2155 p.
2490 2092 2577 2145 42.

415 2216 779 2281 Femina.
827 2216 992 2301 (Fig.
1041 2216 1169 2295 20).

413 2323 625 2386 Fovea
675 2325 998 2411 epigynae
1044 2322 1206 2387 adeo
1255 2322 1516 2408 repleta.
1580 2334 1650 2386 ut
1697 2333 1941 2386 restent
1986 2332 2234 2385 tantum
2286 2335 2500 2408 partes
2549 2346 2701 2387 suae
2749 2322 2839 2388 la·

281 2428 512 2493 terales
544 2433 815 2494 anticae.
866 2428 1174 2513 Lamella,
1220 2450 1384 2515 quae
1415 2452 1558 2494 eam
1591 2428 1811 2514 replet,
1861 2429 1925 2492 in
1960 2428 2239 2493 laterum
2271 2444 2453 2514 parte
2486 2430 2839 2515 posteriore

281 2536 455 2599 vittis
507 2537 710 2617 nigris
757 2548 1008 2601 tantum
1070 2548 1134 2602 et
1197 2538 1260 2599 in
1311 2548 1490 2623 parte
1551 2537 1874 2600 anteriore
1938 2536 2132 2599 etiam
2179 2536 2394 2617 sulcis,
2464 2536 2573 2622 qui
2622 2548 2833 2600 tamen

277 2640 614 2708 difficilius
661 2644 1167 2728 conspiciuntur,
1213 2643 1494 2723 definita,
1543 2665 1794 2727 cornea,
1859 2642 2235 2727 rectangula
2284 2644 2439 2725 fere,
2504 2644 2652 2708 0·48
2702 2666 2839 2707 mm

273 2745 484 2835 longa.
533 2751 683 2815 045
729 2749 877 2833 lata,
938 2749 1193 2835 angulis
1241 2748 1620 2835 rotundatis,
1679 2750 1747 2813 in
1797 2749 2012 2813 medio
2058 2749 2368 2813 lateribus
2415 2751 2694 2815 arcuatis
2746 2749 2832 2813 le-

273 2855 442 2919 viter
507 2858 873 2941 constricta,
932 2857 1001 2920 in
1062 2856 1333 2920 dimidio
1393 2856 1745 2943 posteriore
1805 2879 2008 2942 aeque
2069 2855 2321 2919 elevata
2382 2867 2572 2942 atque
2619 2867 2839 2942 partes

269 2962 598 3050 epigynae
643 2963 1034 3047 adiacentes,
1082 2966 1150 3027 in
1184 2964 1457 3027 dimidio
1487 2966 1810 3028 anteriore
1857 2965 2182 3049 utrimque
2230 2961 2602 3026 sublibrata.
2651 2974 2834 3049 parte
2891 2967 2901 2977 '

267 3072 489 3133 antica
543 3069 772 3153 media.
834 3070 1234 3155 triangulari,
1295 3094 1521 3157 parum
1585 3070 1867 3135 definita.
1939 3071 2261 3134 anteriora
2329 3091 2557 3134 versus
2602 3068 2837 3134 leviter

259 3175 696 3242 adscendenti
745 3189 809 3242 et
853 3200 1001 3242 cum
1035 3179 1330 3262 margine
1376 3181 1591 3242 antico
1638 3177 1851 3241 medio
1899 3177 2128 3242 foveae
2176 3178 2413 3240 sensim
2465 3179 2830 3243 coniuncta.

263 3282 497 3369 Margo
547 3283 775 3350 foveae
822 3285 1038 3371 itaque
1086 3285 1152 3348 in
1187 3294 1369 3371 parte
1400 3286 1615 3349 antica
1650 3284 1881 3368 media,
1928 3307 2022 3348 ca.
2054 3285 2159 3348 02
2194 3283 2335 3353 lata.
2384 3285 2647 3347 omnino
2682 3306 2833 3348 cum

258 3388 538 3454 lamella
599 3392 939 3475 confusus,
1008 3392 1076 3454 in
1137 3404 1319 3477 parte
1380 3393 1596 3456 antica
1655 3391 1904 3456 laterali
1977 3394 2242 3476 utraque
2304 3402 2367 3455 et
2428 3392 2493 3453 in
2557 3390 2835 3456 laterum

255 3508 446 3583 parte
497 3499 764 3562 circiter
810 3498 1083 3562 dimidia
1129 3499 1447 3563 anteriore
1480 3522 1680 3585 supra
1709 3521 1852 3562 eam
1885 3497 2137 3562 modice
2170 3497 2478 3581 elevatus,
2527 3520 2833 3582 magnam

253 3616 517 3687 partem
570 3605 638 3667 in
667 3603 994 3669 lamellam
1042 3605 1362 3685 libratam,
1410 3604 1930 3690 crassiusculam‚
1976 3606 2271 3689 margine
2301 3604 2833 3687 obtusiusculam,

251 3709 740 3797 complanatus,
799 3735 991 3798 prope
1040 3711 1315 3775 mediam
1370 3713 1594 3776 foveae
1647 3712 2117 3793 iongitudinm
2166 3712 2338 3775 foras
2387 3725 2450 3776 et
2500 3728 2668 3776 retro
2717 3711 2827 3776 fle-

249 3840 377 3881 xus
428 3830 498 3882 et
553 3840 970 3883 evanescens,
1020 3819 1243 3899 Margo
1277 3820 1521 3901 foveae,
1554 3819 1659 3904 qui
1694 3832 1888 3883 restat
1923 3819 2285 3903 distinctuS,
2330 3835 2479 3883 ante
2513 3820 2832 3905 utrimque

245 3924 312 3987 in
363 3948 612 3989 arcum
662 3942 1042 3989 re‹·urvatus
1093 3938 1188 3989 est
1234 3928 1475 3990 sensim
1538 3927 1602 3988 in
1655 3938 1900 4013 partem
1953 3925 2301 3989 lateralem.
2366 3926 2428 3988 in
2480 3924 2832 4010 longitudi-

245 4052 401 4095 nem
457 4032 803 4097 directam.
852 4034 1214 4097 abeuntem.
1267 4038 1318 4097 A
1369 4046 1549 4118 parte
1595 4035 1840 4118 postica
1887 4054 2082 4118 supra
2130 4033 2485 4115 marginem
2537 4034 2830 4096 anticum

243 4137 568 4203 lamellae
638 4138 896 4203 foveam
967 4138 1273 4224 replentis
1344 4141 1573 4203 fissura
1642 4141 1964 4224 utrimque
2028 4141 2423 4223 conspicitur
2495 4139 2829 4225 profunda,

242 4243 512 4325 brevisr,
583 4247 799 4330 apices
863 4246 1201 4309 interiores
1265 4248 1642 4310 fissurarum
1706 4249 1854 4309 026
1903 4269 2034 4308 mm
2102 4246 2271 4308 inter
2318 4269 2386 4308 se
2436 4246 2694 4309 distant.
2743 4283 2829 4293 —-

235 4351 506 4415 Dentes
585 4353 649 4415 in
700 4352 1010 4416 lateribus
1058 4354 1380 4439 epigynae
1441 4354 1647 4417 innati
1695 4354 1958 4416 circiter
2019 4353 2080 4415 in
2142 4358 2216 4437 ψ.
2268 4352 2689 4437 longitudinis
2741 4354 2828 4416 la-

237 4458 510 4541 mellae,
591 4459 802 4544 paullo
853 4461 1059 4543 magis
1111 4461 1284 4523 intus
1331 4484 1520 4546 quam
1570 4473 1742 4525 retro
1790 4461 2042 4535 directi,
2090 4482 2182 4523 ea.
2230 4460 2375 4523 027
2430 4458 2620 4543 longi.
2686 4459 2825 4522 basi

233 4586 330 4630 ca.
365 4568 539 4631 015
579 4564 712 4649 lati,
759 4568 1010 4651 apicem
1064 4591 1287 4632 versus
1337 4567 1567 4632 leviter
1615 4568 1803 4630 modo
1852 4567 2427 4652 angustati‚.apice
2475 4566 2604 4629 late
2652 4566 2821 4629 inae·

228 4673 618 4759 quabiliter
676 4676 974 4753 truncati,
1038 4676 1398 4759 marginem
1463 4675 1756 4740 lamellae
1821 4697 1945 4737 non
2010 4674 2418 4757 attingenteS,
2482 4695 2677 4760 quum
2744 4672 2827 4736 ab

227 4781 367 4843 imo
419 4780 812 4865 adspicitur
856 4781 1155 4867 epigyne.
