3850 5867
2833 488 2965 553 433

409 696 619 760 minae
667 717 820 761 vero
866 695 1176 761 differunt
1219 698 1391 761 inter
1435 719 1523 781 se,
1584 719 1974 784 quamquam
2019 719 2249 785 pamm
2310 710 2374 763 et
2435 700 2655 765 nescio
2701 722 2785 764 an
2836 722 2963 765 non
3048 717 3053 721 ·

415 812 795 868 constanter.
856 802 960 867 An
1013 802 1396 888 differentia,
1441 827 1635 892 quam
1681 805 1749 869 in
1798 803 2009 870 forma
2054 816 2118 870 et
2163 806 2613 890 magnitudine
2674 806 2965 872 dentium

412 910 730 997 epigynae
789 909 1156 995 observavi,
1215 922 1519 976 constans
1566 911 1689 977 sibi
1752 914 1852 996 sit,
1914 911 2155 995 dubito,
2225 914 2294 977 in
2342 915 2745 979 Amaurobiis
2791 915 2967 979 enim

411 1017 734 1081 nonnullis
779 1017 941 1082 aliis.
1012 1039 1283 1104 quorum
1330 1020 1640 1083 maiorem
1688 1040 2031 1083 numerum
2079 1019 2525 1108 exemplorum
2573 1021 2966 1106 examinavi,

411 1122 633 1188 dentes
678 1122 793 1188 hos
841 1146 969 1188 non
1029 1147 1258 1211 parum
1319 1126 1574 1190 variare
1637 1124 1795 1189 vidi.
1859 1124 2064 1191 Pedes
2113 1128 2485 1192 Amaurobii
2531 1128 2708 1192 dubii
2751 1127 2966 1214 paullo

409 1229 728 1314 longiores
790 1230 951 1295 mihi
1014 1231 1320 1297 videntur
1379 1254 1573 1318 quam
1633 1233 1713 1297 A.
1774 1236 2257 1314 atramentarii;
2314 1233 2514 1320 pedes
2576 1232 2677 1298 IV
2738 1234 2808 1298 in
2854 1233 2967 1299 illo

413 1336 1007 1424 cephalothoracem
1056 1337 1191 1403 fere
1239 1340 1401 1422 23l4,
1472 1340 1541 1403 in
1587 1338 1710 1405 hoc
1758 1362 1988 1404 verum
2036 1339 2226 1406 modo
2273 1341 2535 1406 circiter
2580 1339 2706 1427 2¹s,
2756 1340 2966 1426 longi-

411 1444 631 1509 tudine
694 1457 1034 1531 superantt,
1095 1443 1208 1511 sed
1269 1446 1465 1510 etiam
1524 1444 1686 1511 haec
1748 1445 2115 1512 differentia
2175 1447 2365 1512 exilis
2427 1461 2522 1512 est
2585 1458 2650 1512 et
2708 1458 2968 1534 propter

412 1551 830 1617 subtilitatem
875 1551 1090 1638 paullo
1133 1551 1403 1617 lubrica.
1451 1590 1536 1601 -
1585 1553 1716 1618 Cel.
1764 1553 1838 1618 Ε.
1887 1553 2109 1618 Simon
2158 1555 2614 1620 Amaurobium
2658 1562 2966 1619 atramen-

412 1660 642 1723 tarium
685 1657 768 1723 ab
819 1661 894 1723 A.
940 1661 1182 1724 roscido
1227 1681 1342 1723 suo
1390 1660 1530 1724 sive
1579 1662 1657 1724 A.
1706 1661 1891 1725 dubio
1939 1683 2001 1723 n.
2064 1661 2388 1748 imprimis
2452 1673 2668 1726 sterno
2716 1659 2969 1724 fortiter

411 1788 640 1851 rugoso
688 1765 1010 1845 distinxit3
1057 1787 1221 1853 quae
1267 1777 1416 1832 nota
1463 1778 1637 1832 certo
1671 1765 1999 1832 mutabilis
2032 1779 2146 1853 est,
2191 1790 2390 1855 quum
2424 1779 2714 1832 sternum
2746 1789 2963 1832 exem·

411 1873 679 1960 plorum,
724 1895 888 1959 quae
935 1894 1110 1938 nunc
1153 1873 1224 1938 in
1254 1872 1552 1939 thesauro
1598 1872 1730 1939 Cel.
1763 1873 1836 1938 Ε.
1871 1874 2145 1939 Simonii
2192 1887 2659 1940 conservantur
2704 1874 2965 1939 nomine

410 1982 486 2044 A.
533 1981 973 2045 atramentarii
1031 1980 1301 2065 signata,
1363 2002 1489 2045 non
1557 1979 1814 2046 differat
1875 1980 2214 2047 evidenter
2276 1981 2605 2068 sculptura
2666 2004 2705 2046 a
2751 1992 2967 2047 sterno

413 2092 489 2152 A.
539 2089 729 2153 dubii.

544 2194 728 2258 Novo
790 2195 1049 2260 nomine
1108 2193 1282 2261 hunc
1343 2196 1797 2260 Amata-obium
1857 2196 2129 2284 appell0,
2191 2195 2495 2282 quoniam
2557 2199 2638 2260 A.
2686 2195 2968 2260 roscidus

413 2301 479 2369 C.
525 2302 596 2366 L.
643 2299 881 2366 Kochii
907 2306 953 2385 ¹)
1002 2301 1144 2368 sine
1190 2300 1386 2366 dubio
1429 2302 1557 2367 alia
1604 2323 1701 2367 est
1746 2304 2010 2389 species.
2061 2301 2272 2367 Verus
2318 2303 2399 2367 A.
2432 2303 2717 2376 roscidus
2759 2301 2967 2366 lectus

412 2419 507 2473 est
550 2420 727 2473 trans
776 2408 973 2494 Alpes
1026 2410 1133 2495 „in
1180 2407 1536 2474 Germania
1580 2408 2050 2492 meridionali“‚
2096 2421 2271 2475 recte
2320 2409 2591 2474 fortasse
2636 2409 2707 2472 in
2739 2406 2967 2474 Carin-

413 2514 544 2580 thia
590 2515 683 2599 (G.
733 2516 803 2580 L.
851 2513 1058 2602 Koch,
1104 2515 1493 2582 Uebersicht
1539 2515 1654 2581 des
1701 2515 2422 2604 Arachnidensystems‚
2467 2514 2625 2581 fasc.
2661 2517 2716 2596 1,
2762 2537 2822 2601 p.
2858 2516 2966 2596 15)

411 2634 519 2688 aut
562 2621 644 2687 ad
692 2621 1002 2707 Tergeste
1061 2622 1192 2708 (id.,
1255 2624 1382 2687 Die
1427 2622 1865 2707 Arachniden‚
1927 2647 1991 2688 v.
2046 2626 2144 2705 10,
2202 2647 2263 2711 p.
2319 2623 2495 2705 113);
2558 2624 2638 2687 A.
2688 2622 2969 2687 roscidus

409 2730 542 2798 Cel.
575 2730 732 2795 Dris
763 2730 836 2794 L.
869 2728 1107 2797 Kochii
1154 2741 1218 2795 et
1263 2731 1337 2796 Ε.
1370 2731 1643 2797 Simonii
1690 2752 1847 2796 vero
1881 2731 2248 2819 Pyrenaeos
2282 2740 2531 2795 montes
2562 2728 2881 2794 inhabitat
2901 2730 2965 2811 ²).

411 2837 652 2903 Parum
685 2836 1040 2902 verisimile
1072 2836 1332 2902 videtur
1371 2836 1646 2902 eandem
1692 2838 1975 2925 speciem
2007 2838 2378 2903 Amaurobii
2411 2836 2611 2925 Alpes
2641 2834 2966 2901 orientali·

411 2945 864 3010 meridionales
926 2957 990 3009 et
1051 2943 1419 3034 Pyrenaeos
1479 2943 1798 3028 incolere,
1868 2945 1939 3009 in
1999 2944 2371 3031 regionibus
2438 2931 2967 3012 interiacentibus

412 3074 569 3118 vero
612 3051 856 3117 abesse.

545 3159 615 3222 T.
647 3157 907 3223 Thorell
954 3159 1426 3240 Amaurobium,
1477 3157 1555 3223 de
1601 3181 1727 3245 quo
1772 3159 2004 3244 agitur,
2050 3158 2291 3223 Drasso
2320 3157 2797 3244 seqestriifomni
2829 3156 2965 3219 Du·

412 3266 558 3331 four
605 3265 794 3344 18:20,
858 3265 1097 3352 speciei
1148 3266 1535 3354 Pyrenaeae,
1596 3265 1950 3349 subiunxit,
2012 3263 2183 3351 quod
2230 3286 2358 3329 non
2406 3263 2789 3350 approbavit
2835 3261 2966 3329 Cel.

411 3372 486 3438 E.
533 3372 775 3458 Simon,
835 3384 1028 3454 recte,
1091 3373 1158 3436 ni
1203 3371 1411 3457 fallor,
1470 3395 1860 3460 quamquam
1921 3373 2161 3459 speciei
2225 3386 2479 3436 nostrae
2527 3391 2965 3458 synonymum

412 3479 613 3544 multo
659 3477 1054 3566 probabilius
1118 3479 1378 3545 videtur
1441 3481 1990 3566 „seyestriiformis
2037 3478 2232 3543 Duf.“
2285 3501 2479 3566 quam
2531 3478 2852 3564 „roscidus
2897 3475 2966 3542 G.

413 3586 486 3650 L.
551 3585 815 3651 Koch.“.
863 3624 946 3634 —
1009 3586 1523 3673 Descriptionem
1591 3584 1895 3650 Dufourii
1958 3608 2084 3650 non
2151 3587 2329 3665 novi3
2393 3607 2517 3650 non
2586 3582 2831 3649 sufficit
2893 3605 2969 3648 ea

411 3704 572 3758 teste
618 3692 749 3759 Cel.
794 3693 869 3759 Ε.
916 3692 1205 3760 Simonio
1270 3692 1351 3757 ad
1399 3691 1878 3777 agnoscendam
1943 3695 2253 3779 speeiem3
2315 3693 2369 3756 si
2430 3703 2647 3756 tamen
2713 3688 2969 3755 Dufour

411 3799 729 3866 abdomen
775 3800 1008 3866 Dtassi
1051 3800 1557 3887 seqestriifomis
1618 3810 1822 3864 totum
1884 3800 2148 3884 nigrum
2212 3800 2573 3885 descripsit,
2642 3809 2713 3862 ut
2758 3799 2849 3861 ait
2894 3796 2967 3860 Τ.

414 3906 673 3972 Thorell
719 3906 784 3986 (l.
818 3929 870 3971 c.
901 3929 962 3994 p.
995 3908 1170 3990 438),
1215 3908 1722 3992 seyestriiformis
1770 3905 1925 3970 Dus.
1974 3929 2418 3995 synonymum
2462 3915 2562 3970 est
2594 3905 2967 3969 Amaurobii

411 4016 852 4080 atramentarii
898 4013 971 4080 Ε.
1017 4015 1172 4081 Sim.
1218 4014 1428 4100 potius
1476 4036 1668 4100 quam
1714 4015 1793 4077 A.
1844 4014 2020 4079 dubii
2067 4035 2126 4076 n.

548 4121 697 4185 Duo
742 4120 931 4186 modo
978 4121 1275 4207 exempla
1321 4120 1511 4185 buius
1558 4121 1796 4206 speciei
1842 4119 2004 4205 vidi,
2047 4119 2325 4185 alterum
2366 4141 2409 4182 a
2455 4117 2585 4184 Cel.
2634 4117 2707 4181 E.
2754 4117 2965 4183 Simo·

413 4229 537 4312 nio,
583 4227 858 4292 alterum
903 4252 942 4293 a
988 4227 1121 4295 Cel.
1167 4229 1307 4294 Dre
1352 4228 1425 4293 L.
1472 4226 1727 4293 Kochio
1773 4227 2336 4292 communicatum.

455 4501 460 4566 ζ
561 4501 598 4548 ¹)
642 4495 1032 4546 Deutsehlands
1075 4496 1339 4554 [unchen.
1380 4497 1511 4546 fasc.
1557 4494 1673 4558 141,
1711 4512 1762 4545 n.
1803 4494 1851 4546 6.

557 4589 595 4650 ²)
637 4587 693 4639 L.
734 4586 902 4644 Koch,
940 4585 974 4635 l.
1013 4600 1062 4638 c.
1093 4613 1154 4623 -—
1184 4586 1244 4637 Ε.
1285 4587 1484 4643 Simon,
1521 4584 1552 4636 l.
1594 4600 1639 4636 c.
1671 4611 1732 4621 ——
1762 4586 2020 4642 Lucumo,
2058 4583 2353 4650 catalogue
2390 4582 2723 4634 raisonne...
2761 4579 2967 4666 departJ.

412 4667 483 4727 du
522 4675 827 4735 sud-ouen,
865 4691 915 4741 p.
952 4673 1038 4728 49.
