3850 5867
885 474 1024 538 440

877 691 957 774 pi
977 693 1053 770 ¹);
1085 687 1432 774 descriptio
1463 708 1695 773 parum
1728 683 1986 750 subtilis
2019 694 2131 749 est.
2178 682 2457 770 Scripsit
2500 678 2660 745 mihi
2707 680 2859 746 olim
2910 679 3016 744 W.
3051 676 3438 762 Bosenberg,

887 815 957 859 se
987 794 1396 878 addubitare,
1441 816 1526 857 an
1573 795 1651 857 A.
1687 801 1941 877 atropos
1987 803 2054 856 et
2098 793 2408 856 terrestris
2453 790 2702 876 species
2749 788 2881 852 sint
2928 785 3296 867 distincta03
3347 782 3437 849 fe·

886 902 1098 966 minas
1144 901 1574 968 Germanicas
1618 900 1877 964 variare
1923 896 2190 985 quidem
2221 895 2431 961 forma
2462 896 2783 984 epigynae
2813 895 2921 979 ita,
2965 903 3040 958 ut
3084 892 3251 956 duae
3297 913 3438 978 spe-

887 1009 1018 1073 cies
1064 1008 1235 1073 inter
1280 1030 1388 1072 eas
1434 1006 1748 1092 distingui
1797 1015 2076 1092 possent,
2121 1025 2334 1069 mares
2381 1013 2594 1068 tamen
2644 1023 2887 1086 omnes,
2934 1000 3045 1087 qui
3093 1000 3158 1063 in
3207 1019 3435 1063 manus

885 1115 1009 1181 sibi
1033 1114 1471 1198 incidisssent,
1496 1111 1918 1202 probabiliter
1953 1112 2144 1176 unius
2169 1132 2312 1176 esse
2336 1109 2593 1196 speciei.
2625 1107 2972 1174 Probabile
2995 1105 3155 1171 mihi
3179 1104 3439 1171 videtur

883 1222 1118 1309 itaque,
1178 1226 1259 1287 A.
1308 1229 1600 1308 atr-opum
1645 1230 1710 1285 et
1770 1225 2119 1285 terrestrem
2182 1217 2488 1284 confusos
2535 1239 2675 1282 esse
2745 1239 2783 1280 a
2829 1215 2934 1280 W.
2988 1211 3435 1297 Bosenbergio.

1017 1329 1167 1416 Ipse
1229 1329 1682 1394 Amatorobium
1726 1334 2020 1413 atropum
2080 1327 2289 1413 primo
2351 1346 2434 1389 ex
2482 1322 2799 1410 exemplis
2844 1321 3176 1387 Polonicis
3222 1342 3261 1384 a
3304 1317 3438 1384 Cel.

884 1436 1021 1500 Dre
1067 1436 1139 1501 L.
1187 1435 1440 1500 Kochio
1490 1433 1749 1499 nomine
1817 1434 2092 1499 Coelotae
2134 1433 2411 1498 solitarii
2471 1431 2743 1516 signatis
2791 1428 3072 1516 cognovi
3118 1438 3182 1492 et
3232 1427 3433 1492 Coelo·

884 1550 1013 1608 tam
1057 1545 1409 1608 solitarium
1457 1542 1552 1622 (L.
1595 1540 1809 1624 Koch)
1857 1562 2007 1605 eum
2054 1538 2465 1628 appellabam
2514 1560 2716 1624 usque
2763 1537 2841 1600 ad
2891 1559 2945 1600 a.
2983 1536 3172 1619 1887,
3217 1545 3439 1620 postea

884 1671 1115 1715 verum
1169 1650 1473 1715 Coelotam
1518 1656 1825 1733 atropum.

1478 1864 1541 1931 7.
1589 1860 2027 1932 Amani-obius
2078 1860 2430 1930 solitarius
2477 1861 2576 1943 (L.
2625 1856 2858 1945 Koch).
2928 1907 2937 1916 .

883 2003 1037 2061 1868.
1083 2005 1318 2059 Coelotee
1353 2004 1644 2058 solitar-ina
1692 2007 1751 2057 L.
1793 2006 1958 2067 Koch,
2009 2005 2143 2058 Abh.
2196 2005 2317 2056 Ges.
2369 2004 2667 2070 Nili-ubam,
2717 2019 2766 2053 v.
2817 2001 2868 2065 4,
2919 2019 2967 2067 p.
3020 1999 3106 2066 38,
3158 2002 3194 2052 f.
3240 1998 3305 2054 18
3351 2000 3440 2069 (ex

1203 2097 1394 2162 parte).

882 2183 1040 2240 1872.
1081 2214 1146 2222 —
1188 2214 1253 2222 —
1294 2187 1338 2235 L
1392 2184 1561 2251 Koch,
1601 2185 1820 2250 Beitrag·
1855 2200 1950 2234 sur
1990 2184 2281 2235 Kenntniss
2319 2182 2414 2233 der
2449 2181 2794 2233 Arachniden
2830 2181 3022 2248 Tirols,
3058 2180 3149 2233 2-e
3188 2180 3441 2231 Abhand-

1202 2274 1335 2340 lung·
1370 2273 1644 2337 (Zeitsehr.
1687 2273 1839 2326 Fen-d.
1879 2272 2063 2341 Tirol),
2102 2289 2150 2337 p.
2189 2271 2310 2326 295.

882 2361 1039 2416 1875.
1079 2392 1144 2400 —
1191 2393 1246 2400 —
1291 2365 1350 2415 Ε.
1392 2365 1589 2415 Simon.
1630 2364 1733 2412 Les
1772 2363 2107 2413 Arachnides
2142 2362 2208 2411 de
2250 2362 2474 2427 Franco,
2527 2377 2574 2413 v.
2614 2360 2666 2427 2,
2715 2376 2765 2425 p.
2805 2358 2891 2427 36,
2929 2368 2966 2412 t.
3005 2359 3058 2426 5,
3097 2361 3132 2412 f.
3173 2357 3257 2416 13.
3296 2356 3366 2411 13
3387 2373 3436 2410 a.

880 2455 905 2502 ἰ’
942 2449 1099 2506 1898,
1143 2480 1204 2490 -—
1245 2480 1311 2489 —
1350 2454 1410 2503 E.
1450 2454 1647 2513 Simon,
1687 2452 1893 2502 Feuills
1934 2451 2197 2514 Natural„
2236 2468 2285 2501 n.
2327 2448 2451 2517 333,
2490 2468 2537 2515 p.
2579 2448 2699 2512 173,
2738 2451 2776 2501 f.
2817 2451 2937 2519 13²).

881 2538 1038 2595 1898.
1093 2539 1329 2592 Coelotee
1377 2538 1660 2592 brevialem
1713 2539 2069 2606 Kulcsyt'iski,
2119 2540 2373 2605 Symbola
2421 2539 2488 2589 ad
2539 2540 2758 2590 faunam
2809 2542 3141 2590 Aranearum
3191 2538 3441 2589 Aucti-iae

1201 2629 1476 2680 Inferioris
1526 2628 1952 2694 cog-noscendam
2001 2630 2213 2694 (Rospr.
2252 2628 2351 2680 Δὶ.
2390 2627 2639 2694 Κηῑιόπ,
2692 2645 2739 2680 v.
2778 2626 2884 2694 36),
2935 2644 2984 2692 p.
3023 2626 3111 2693 38,
3147 2626 3236 2694 99,
3276 2627 3312 2679 f.
3350 2623 3438 2677 75.

1016 2736 1376 2801 Femina.
1422 2735 1589 2821 (Fig.
1638 2735 1766 2818 21).

1014 2842 1320 2930 Epigyne
1367 2841 1875 2907 conformatione
1923 2841 2157 2906 similis
2204 2843 2526 2928 epigynae
2574 2842 2945 2907 Amaurobii
2989 2845 3218 2926 europi,
3266 2838 3436 2904 nibi-

879 2947 1161 3013 lominus
1221 2950 1460 3036 optime
1520 2949 1854 3014 distincta:
1924 2947 2193 3014 lamella
2250 2950 2596 3034 insigniter
2655 2950 2942 3030 (circiter
3010 2947 3114 3037 ¹s3)
3183 2948 3440 3034 longior

879 3077 1074 3142 quam
1135 3054 1340 3139 latior,
1403 3077 1496 3121 ca.
1557 3056 1708 3121 065
1771 3079 1903 3120 mm
1968 3056 2181 3142 longa,
2242 3057 2390 3121 Ο·48
2453 3054 2601 3140 lata,
2663 3056 2732 3120 in
2782 3055 3053 3121 dimidio
3114 3056 3438 3120 anteriore

880 3160 1192 3227 lateribus
1240 3161 1472 3228 leviter
1520 3162 1692 3227 foras
1741 3165 2032 3228 curvatis
2077 3163 2298 3250 paullo
2346 3175 2707 3250 angustata,
2752 3164 2821 3227 in
2853 3174 3039 3251 parte
3086 3163 3438 3250 posteriore

879 3267 1195 3333 lateribus
1241 3268 1473 3334 leviter
1518 3270 1897 3352 incurvatis,
1946 3270 2286 3335 evidenter
2331 3269 2495 3350 (fere
2533 3271 2638 3355 ¹s3)
2670 3270 2860 3335 latior
2904 3293 3098 3358 quam
3146 3268 3231 3334 ad
3264 3292 3436 3334 mar-

879 3377 1099 3462 ginem
1146 3377 1454 3442 anticum.
1502 3376 1699 3463 Sulci,
1745 3376 1983 3464 quibus
2030 3377 2285 3442 lamella
2330 3379 2399 3441 in
2446 3376 2756 3443 lateribus
2802 3377 3043 3463 finitur,
3089 3399 3255 3465 pone
3303 3375 3437 3441 for-

878 3494 1051 3549 tasse
1099 3494 1467 3548 constanter
1517 3506 1718 3571 usque
1762 3483 1845 3548 ad
1879 3485 2241 3571 marginem
2290 3485 2603 3570 posticum
2654 3485 2976 3573 epigynae
3022 3486 3438 3571 pertinentes,

878 3590 945 3653 in
997 3599 1178 3677 parte
1225 3591 1561 3677 anteriore,
1607 3590 1717 3656 ubi
1752 3590 2016 3655 lamella
2062 3592 2397 3677 angustior
2428 3603 2540 3669 est,
2587 3592 2829 3676 insigni
2877 3590 3238 3677 latitudine,
3282 3601 3435 3655 ante

879 3718 1008 3760 non
1056 3698 1402 3781 incurvati,
1462 3697 1532 3761 in
1580 3698 1941 3783 marginem
1978 3691 2282 3763 'anticum
2331 3697 2630 3764 lamellae
2677 3699 2893 3785 itaque
2940 3721 3066 3762 non
3116 3697 3434 3786 producti.

881 3803 1136 3868 Foveae
1183 3804 1509 3889 margines
1555 3804 1797 3890 proprii
1860 3803 2163 3869 laterales
2225 3805 2361 3870 fere
2408 3806 2566 3869 recti
2614 3816 2678 3870 et
2722 3804 3014 3892 paralleli
3066 3817 3177 3870 aut
3221 3816 3439 3893 poste-

878 3909 1051 3973 riora
1113 3932 1343 3974 versus
1406 3909 1691 3996 paullulo
1753 3934 1792 3975 a
1853 3934 1922 3975 se
1985 3911 2411 3996 discedentes,
2474 3911 2855 3999 plerumque
2914 3934 3046 3976 non
3109 3912 3319 3976 solum
3364 3913 3435 3976 in

877 4015 1152 4080 dimidio
1214 4018 1534 4082 anteriore
1596 4017 1708 4082 sed
1773 4019 1971 4083 etiam
2032 4020 2100 4082 in
2150 4021 2501 4104 posteriore
2551 4018 2859 4104 distincti,
2921 4042 3312 4106 quamquam
3361 4021 3433 4084 in

877 4121 1003 4188 hoc
1049 4122 1266 4210 paullo
1312 4125 1531 4189 minus
1578 4127 1864 4212 expressi
1880 4149 1897 4210 ς
1967 4148 2115 4191 raro
2160 4149 2358 4214 prope
2403 4126 2687 4190 medium
2738 4126 3115 4190 humiliores
3160 4127 3325 4191 fiunt
3369 4137 3436 4191 et

878 4251 1129 4295 ramum
1197 4232 1459 4297 brevem
1524 4254 1754 4319 parum
1816 4232 2195 4297 distinctum
2262 4233 2435 4297 foras
2499 4235 2826 4316 emittunt3
2889 4255 3114 4320 margo
3175 4233 3433 4298 anticus

1024 4463 1063 4530 ¹)
1100 4464 1210 4517 001.
1251 4466 1310 4516 R.
1350 4465 1414 4515 de
1455 4466 1669 4515 Lessert
1707 4466 1741 4515 l.
1781 4482 1824 4516 c.
1877 4466 2076 4531 figuras
2118 4468 2462 4532 Bosenbergii
2500 4467 2789 4517 seeundum
2828 4467 2948 4516 Am.
2989 4471 3305 4517 terrestrem
3340 4467 3431 4519 de-

876 4552 1112 4603 lineatae
1151 4569 1266 4603 esse
1304 4561 1502 4606 censet.

939 4683 962 4694 -
1022 4641 1058 4708 ²)
1099 4643 1398 4709 Descriptio
1448 4649 1501 4693 et
1548 4642 1722 4708 figura
1760 4660 2036 4708 processus
2074 4644 2351 4710 patellaria
2401 4644 2500 4694 hoc
2538 4645 2656 4695 loco
2694 4645 2934 4710 prolatae
2984 4661 3091 4695 non
3128 4645 3265 4695 bono
3301 4660 3435 4710 qua·

876 4730 1038 4782 drant
1073 4732 1130 4782 in
1168 4732 1484 4798 exemplum,
1522 4732 1662 4797 quod
1701 4733 1830 4782 mihi
1869 4734 2285 4784 communicavit
2324 4734 2433 4785 Cel.
2474 4735 2533 4783 E.
2576 4735 2771 4784 Simon.
