3850 5867
907 510 1041 575 436

907 744 1191 807 versum,
1238 722 1404 788 latus
1450 723 1724 787 interius
1770 722 1966 809 (quod
1996 722 2214 810 paullo
2247 722 2504 811 oblique
2536 725 2729 788 situm
2777 735 2875 788 est
2920 725 3026 806 ita,
3072 735 3144 788 ut
3189 722 3470 809 desuper

906 839 1177 915 tantum,
1221 851 1354 894 non
1387 851 1544 895 vero
1575 831 1656 897 ab
1689 831 1821 894 imo
1853 831 2312 917 conspiciatur)
2361 829 2798 917 deplanatum,
2842 827 3058 917 paullo
3105 829 3469 916 inaequale3

803 977 811 983 .
905 958 1130 1021 margo
1176 935 1444 1024 apicalis
1509 958 1917 1025 compressus
1980 938 2049 1001 in
2096 937 2403 1022 carinam,
2466 958 2626 1024 quae
2671 937 3052 1024 plerumque
3112 937 3181 1001 in
3227 934 3472 1022 angulo

904 1064 1243 1129 processus
1302 1042 1538 1129 apicali
1600 1045 1928 1129 superiore
1991 1044 2186 1124 (inter
2231 1044 2411 1108 sinus
2474 1056 3023 1127 commemoratos,
3084 1042 3231 1108 lobo
3278 1064 3470 1129 supe-

904 1150 1058 1214 riori
1105 1163 1169 1214 et
1215 1149 1453 1235 angulo
1498 1150 1733 1237 apicali
1779 1145 2090 1215 inferiore
2139 1151 2530 1226 interiectos)
2600 1152 2671 1215 in
2717 1149 2888 1216 latus
2935 1151 3210 1215 interius
3257 1162 3472 1214 trans-

903 1256 1198 1341 greditur
1245 1269 1308 1322 et
1352 1256 1460 1322 hic
1505 1257 1574 1322 in
1607 1256 2082 1343 longitudinem
2128 1257 2346 1344 paullo
2393 1257 2652 1345 oblique
2697 1257 2943 1322 directa
2989 1257 3267 1344 denique
3312 1279 3470 1320 eva-

905 1364 1131 1429 nescit.
1178 1364 1415 1444 Lobus,
1461 1366 1571 1451 qui
1604 1366 1967 1450 marginem
1999 1366 2391 1451 superiorem
2426 1386 2766 1452 processus
2795 1377 2997 1450 ornat,
3044 1385 3470 1451 compressus,

904 1472 1194 1536 carinam
1240 1471 1510 1536 alteram
1557 1482 1832 1552 acutam,
1884 1470 2101 1557 paullo
2145 1471 2401 1559 oblique
2439 1472 2731 1558 positam,
2777 1495 2815 1536 a
2844 1473 3057 1559 priore
3087 1471 3471 1558 plerumque

905 1576 1283 1642 distinctam
1329 1577 1591 1659 format3
1638 1601 1784 1642 raro
1813 1600 1964 1664 pars
2013 1579 2268 1644 carinae
2313 1578 2581 1665 apicalis
2626 1579 2691 1644 in
2728 1578 2927 1644 latere
2972 1579 3273 1644 interiore
3321 1599 3469 1664 pro·

907 1706 1125 1750 cessus
1172 1686 1294 1750 sita
1339 1687 1601 1750 omnino
1648 1686 1999 1771 evanescit,
2043 1707 2193 1773 pars
2241 1708 2414 1773 vere,
2459 1709 2620 1773 quae
2650 1697 2865 1771 restat,
2913 1708 3063 1749 cum
3093 1684 3238 1752 lobo
3270 1706 3472 1771 supra

905 1792 1028 1856 sito
1072 1792 1136 1855 in
1189 1792 1482 1856 carinam
1528 1814 1721 1857 unam
1772 1791 2049 1857 confluit.

1039 1897 1200 1963 Pars
1245 1898 1577 1985 patellaris
1640 1900 1986 1983 insiguiter
2051 1898 2320 1964 dilatata
2377 1901 2629 1985 apicem
2676 1922 2925 1984 versus,
2968 1922 3168 1987 prope
3212 1900 3471 1986 apicem

906 2003 1044 2070 fere
1090 2004 1287 2090 duplo
1334 2005 1524 2071 latior
1570 2028 1763 2092 quam
1810 2004 1950 2069 basi
2017 2015 2085 2070 et
2128 2005 2416 2093 paullulo
2462 2005 2651 2072 latior
2695 2029 2890 2093 quam
2937 2028 3131 2093 supra
3175 2007 3242 2070 in
3293 2005 3471 2070 linea

905 2109 1208 2176 mediana
1255 2111 1465 2197 longa.
1500 2150 1587 2161 —
1632 2112 1872 2180 Carina
1917 2113 2121 2200 partis
2168 2112 2413 2178 tibialis
2460 2114 2732 2178 inferior
2778 2114 3040 2179 circiter
3085 2113 3278 2201 triplo
3325 2112 3470 2177 lon-

902 2219 1046 2305 gior
1091 2241 1286 2305 quam
1333 2220 1630 2307 spatium,
1676 2243 1801 2306 quo
1846 2244 1885 2285 a
1933 2219 2076 2285 basi
2119 2219 2475 2285 internodii
2519 2220 2732 2286 distat.
2767 2260 2850 2270 —
2899 2220 3138 2289 Carina
3183 2219 3469 2284 laminae

902 2325 1157 2391 tarsalis
1205 2326 1467 2392 circiter
1518 2326 1596 2415 'ss
1648 2325 2073 2412 longitudinis
2119 2339 2407 2414 occupat,
2479 2329 2755 2414 margini
2803 2328 3110 2393 exteriori
3153 2325 3469 2414 parallela

903 2443 1017 2518 est,
1062 2433 1315 2519 apicem
1381 2454 1610 2498 versus
1671 2432 1977 2498 humilior
2021 2435 2093 2499 fit
2140 2445 2204 2498 et
2249 2435 2582 2499 evanescit
2645 2455 2796 2499 cum
2844 2434 3141 2519 margine
3184 2434 3469 2498 laminae

903 2561 1032 2604 non
1082 2540 1442 2605 coniuncta.
1491 2580 1540 2586 --
1595 2540 1902 2606 Carinula
1949 2541 2308 2606 stemmatis
2349 2563 2516 2627 pone
2547 2541 2757 2607 subito
2786 2540 3092 2606 humilior
3121 2540 3209 2626 fit,
3257 2559 3468 2626 neque

903 2647 969 2711 in
1019 2646 1281 2711 dentem
1327 2646 1800 2734 prominentem
1849 2647 2162 2734 producta
2208 2661 2322 2711 est.
2393 2647 2704 2713 Embolus
2752 2647 3103 2714 setiformis
3147 2647 3215 2711 in
3265 2646 3466 2712 latere

904 2754 1209 2818 interiore
1271 2755 1629 2819 stemmatis
1692 2777 1821 2819 non
1885 2754 2111 2842 procul
2173 2778 2213 2819 a
2273 2754 2410 2820 basi
2472 2755 2733 2820 initium
2780 2755 2971 2842 capit,
3038 2778 3076 2820 a
3124 2764 3465 2820 stemmate

904 2883 1221 2947 nusquam
1283 2859 1651 2925 evidentius
1714 2860 2008 2926 discedit.
2069 2862 2293 2926 Paries
2356 2861 2626 2927 inferior
2685 2862 3097 2928 conductoris
3143 2860 3380 2927 emboli
3424 2882 3466 2925 a

902 2978 1086 3056 parte
1130 2966 1440 3033 inferiore
1508 2968 1684 3032 visus
1731 2968 2170 3056 triangularis,
2230 2968 2491 3053 angulis
2537 2969 2672 3034 fere
2718 2968 3094 3056 aequalibus
3139 2969 3465 3033 anteriora

905 3097 1136 3139 versus
1182 3086 1245 3140 et
1292 3074 1463 3139 foras
1511 3074 1813 3161 directus,
1874 3074 2012 3140 basi
2061 3087 2125 3140 et
2168 3075 2369 3141 latere
2428 3076 2744 3140 exteriore
2804 3097 3005 3163 aeque
3069 3075 3206 3140 fere
3249 3074 3464 3161 longis

903 3181 1024 3266 (ca.
1072 3184 1176 3247 0·3
1224 3185 1401 3260 mm).
1451 3180 1651 3247 latere
1697 3182 1911 3246 antico
1958 3181 2249 3266 longiore
2295 3186 2411 3264 (ca.
2459 3183 2651 3269 035).
2700 3183 2954 3248 modice
3002 3195 3065 3247 et
3108 3180 3465 3269 aequabili-

903 3299 1002 3353 ter
1031 3298 1308 3372 arcuato,
1355 3310 1504 3352 cum
1534 3287 1737 3353 latere
1784 3290 2105 3354 exteriore
2152 3291 2218 3353 in
2252 3289 2560 3374 angulum
2594 3290 2849 3354 coeunti
2884 3300 3061 3354 recto
3094 3287 3308 3376 paullo
3341 3290 3464 3353 mi-

903 3417 1147 3480 norem,
1192 3417 1421 3481 parum
1468 3408 1579 3459 aut
1625 3418 1753 3459 non
1786 3395 2229 3477 rotundatum3
2275 3396 2489 3482 paries
2529 3395 2641 3461 hic
2685 3398 2757 3460 in
2787 3395 3263 3482 longitudinem
3308 3397 3464 3461 sub-

899 3501 1132 3589 planus
1197 3515 1312 3580 est,
1371 3504 1442 3566 in
1503 3514 1951 3568 transversum
2010 3503 2359 3588 insigniter
2422 3523 2787 3568 convexus.
2850 3505 2919 3568 in
2980 3514 3165 3590 parte
3225 3503 3463 3590 apicali

901 3609 1106 3674 dense
1138 3609 1463 3675 subtiliter
1492 3609 1789 3696 plicatus,
1835 3610 2026 3696 plicis
2058 3610 2243 3674 lateri
2277 3611 2492 3676 antico
2522 3609 2869 3696 parallelis.
2914 3612 3138 3675 Paries
3172 3605 3466 3697 superior

899 3714 1315 3781 conductoris
1363 3715 1604 3781 emboli
1667 3715 1836 3781 ultra
1884 3715 2052 3782 latus
2096 3718 2387 3783 anticum
2432 3718 2696 3804 parietis
2741 3716 3070 3784 inferioris
3115 3717 3465 3803 insigniter

901 3823 1242 3909 prominet.

1039 3930 1359 3995 Diametri
1406 3930 1765 3995 oculorum:
1827 3943 1957 3995 ant.
2005 3930 2174 3996 med.
2220 3932 2389 4014 0·16,
2450 3942 2576 3995 ant.
2625 3931 2731 3997 lat.
2779 3932 2924 3996 0-21
2977 3943 3041 3996 et
3084 3933 3253 4017 048,
3300 3942 3460 4018 post.

902 4035 1070 4101 med,
1119 4037 1287 4122 0·19,
1346 4048 1506 4123 post.
1555 4036 1661 4101 lat.
1706 4039 1855 4102 Ο·21
1924 4049 1988 4102 et
2049 4039 2217 4122 048,
2282 4037 2629 4103 intervalla
2686 4038 3050 4103 oculorumt
3112 4049 3240 4104 ant.
3304 4035 3462 4102 med

902 4143 1072 4228 012,
1116 4155 1243 4208 ant.
1291 4143 1396 4209 lat.
1444 4145 1613 4228 008,
1659 4156 1818 4231 post.
1867 4143 2035 4209 med.
2082 4143 2250 4229 Ο·18,
2296 4156 2457 4231 post.
2503 4144 2608 4209 lat.
2655 4145 2806 4210 Ο·22
2846 4168 2980 4209 mm
3028 4144 3237 4231 longa.
3286 4150 3461 4210 Area

900 4249 1234 4316 oculorum
1279 4250 1645 4316 mediorum
1690 4263 1837 4346 ante
1884 4253 2052 4334 043,
2100 4274 2266 4338 pone
2311 4253 2460 4318 0-52
2509 4252 2656 4337 lata,
2702 4255 2853 4317 &44
2899 4251 3109 4337 longa.
3171 4252 3461 4341 Clypeus

905 4357 1026 4423 sub
1072 4356 1258 4423 oculo
1304 4357 1518 4422 medio
1564 4360 1710 4424 031
1760 4358 1945 4423 altus.
3356 4409 3361 4414 -

1037 4463 1548 4551 Cephalothorax
1611 4466 1715 4530 tro
1776 4463 2028 4550 longus,
2092 4467 2239 4531 355
2301 4465 2498 4549 latus,
2558 4487 2708 4552 pars
2769 4465 3101 4553 cephalica
3146 4461 3267 4532 '2·3
3313 4466 3459 4532 lata.

903 4570 1321 4636 Mandibulae
1361 4573 1468 4636 -2·1
1520 4570 1770 4656 longae,
1817 4573 1921 4638 20
1967 4571 2148 4638 latae.
2196 4572 2447 4638 Pedum
2491 4573 2880 4638 internodia:
2966 4593 2969 4596 ’

1407 4679 1458 4744 1.
1547 4680 1667 4761 3-6‚
1763 4679 1881 4766 1·6‚
2017 4681 2183 4764 345,
2274 4680 2397 4764 3·3,
2536 4682 2635 4747 1·9
2682 4680 2855 4766 (2·1),

1366 4786 1456 4853 ΙΙ.
1546 4788 1668 4872 3-4,
1765 4785 1925 4872 1·55,
2016 4787 2139 4873 28,
2275 4789 2441 4872 3-οὃ,
2536 4787 2900 4874 1·75.(1·'9)‚
