3850 5867
914 490 1049 555 420

959 705 1018 768 4.

923 4107 1025 4170 10.

1068 703 1243 769 Sulci
1294 717 1405 767 aut
1451 703 1736 788 fissurae,
1797 704 2034 789 quibus
2079 703 2339 767 lamella
2387 703 2647 767 foveam
2693 701 2952 789 replens
2999 714 3111 766 aut
3158 703 3294 767 eius

1065 809 1344 875 fundum
1390 809 1679 874 formans
1740 811 1809 873 in
1856 808 2167 874 lateribus
2235 809 2558 890 definitur.
2617 821 2765 874 ante
2814 809 3029 895 paullo
3075 810 3295 874 ineur-

1065 930 1231 1002 vata,
1291 917 1550 981 lamella
1610 916 1769 982 haee
1831 918 2045 1003 itaque
2107 939 2258 982 oum
2319 917 2614 1002 margine
2674 917 2888 981 antico
2950 915 3180 980 foveae
3227 918 3292 980 in

1065 1034 1243 1109 parte
1291 1022 1504 1088 media
1567 1024 1930 1109 coniuncta,
1990 1025 2060 1087 in
2105 1023 2363 1108 angulis
2423 1024 2657 1088 antieis
2717 1022 3092 1087 lateralibus
3140 1044 3295 1087 vero

1065 1129 1146 1194 ab
1196 1152 1271 1194 eo
1318 1130 1640 1195 distincta.
1779 1181 3293 1196 ...............
3430 1130 3477 1195 5

1063 1235 1258 1321 Sulci,
1306 1236 1541 1324 quibus
1587 1237 1845 1302 lamella
1892 1237 2152 1301 foveam
2198 1237 2454 1323 replens
2502 1239 2569 1301 in
2617 1236 2928 1301 lateribus
2976 1236 3296 1320 definitur,

1063 1354 1211 1407 ante
1272 1366 1399 1406 non
1462 1344 1829 1424 incurvati3
1891 1343 2152 1408 lamella
2215 1344 2284 1407 in
2348 1343 2618 1408 dimidio
2677 1344 2998 1408 anteriore
3063 1344 3298 1408 leviter

1065 1450 1445 1535 constricta,
1507 1451 1576 1514 in
1640 1451 1987 1536 posteriore
2051 1448 2263 1536 paullo
2324 1451 2513 1515 latior
2574 1474 2769 1537 quam
2830 1452 2896 1515 in
2959 1452 3296 1515 anteriore.

2910 1560 2965 1622 7.
3012 1560 3089 1622 A.
3135 1561 3475 1623 solitarius.

1006 1713 1020 1727 .
1066 1664 1394 1728 Lamellae
1429 1678 1639 1751 partes
1670 1665 1920 1729 antieae
1952 1665 2250 1729 laterales
2299 1687 2424 1727 non
2475 1664 2851 1729 humiliores
2898 1688 3091 1751 quam
3123 1687 3299 1728 mar-

1064 1771 1250 1856 gines
1298 1771 1543 1836 foveae.
1697 1822 2886 1838 ............
2978 1776 3036 1836 6.
3084 1773 3159 1836 Α.
3206 1780 3475 1858 atropos.

1065 1914 1150 1925 —-
1199 1889 1412 1964 partes
1460 1880 1712 1944 antieae
1758 1880 2056 1944 laterales
2105 1879 2464 1966 depressae,
2535 1879 2877 1943 evidenter
2923 1879 3297 1943 humiliores

1067 2007 1264 2069 quam
1312 1987 1637 2069 margines
1686 1985 1913 2051 foveae
2022 2037 2890 2052 .........
2984 1991 3043 2051 9.
3095 1991 3170 2052 Α.
3217 1987 3476 2051 Poweri.

1008 2159 1020 2173 .
1070 2110 1295 2193 Margo
1342 2110 1594 2174 anticus
1642 2109 1871 2175 foveae
1917 2122 2240 2196 arcuatus,
2299 2112 2643 2197 insigniter
2704 2133 3044 2194 recurvus3
3108 2112 3299 2176 fovea

1067 2216 1406 2302 profunda,
1453 2217 1830 2304 plerumque
1875 2218 2054 2303 adeo,
2105 2228 2173 2282 ut
2219 2218 2461 2282 fundus
2506 2220 2644 2282 eius
2676 2218 3011 2283 difficilius
3043 2219 3296 2305 conspi-

1066 2324 1290 2407 ciatur,
1323 2324 1685 2409 rotundato.²
1718 2337 2088 2390 transverse
2120 2324 2404 2411 elliptiea
2449 2335 2560 2390 aut
2606 2326 3111 2391 semicircularis
3143 2325 3297 2391 fere.
3437 2326 3472 2389 7

1068 2485 1153 2495 —-
1201 2486 1286 2495 —
1333 2486 1421 2495 —
1468 2448 1807 2514 subrectus
1868 2459 1981 2514 aut
2024 2450 2092 2512 in
2141 2448 2356 2513 medio
2423 2450 2494 2512 in
2538 2449 2851 2534 angulum
2898 2450 3083 2537 apioe
3127 2461 3299 2514 retro

1068 2552 1404 2640 directum,
1452 2556 1596 2642 plus
1644 2557 1945 2620 minusve
1992 2556 2413 2621 manifestum
2444 2555 2711 2642 fractus,
2755 2578 2902 2621 raro
2933 2557 3167 2622 leviter
3196 2579 3298 2620 ar-

1068 2673 1310 2742 cuatus,
1358 2683 1688 2727 recurvus
1791 2713 3296 2729 ...............
3394 2665 3472 2727 11

1010 2836 1022 2848 .
1072 2786 1318 2850 Dentes
1365 2787 1432 2851 in
1480 2786 1789 2853 lateribus
1839 2787 2065 2852 foveae
2112 2789 2433 2876 epigynae
2480 2789 2681 2852 innati
2690 2838 3295 2853 .......
3437 2788 3475 2853 8

1072 2931 1157 2939 —
1207 2916 1369 2979 pone
1418 2893 1673 2959 foveam
1721 2895 1927 2959 innati
1932 2945 3297 2961 ..............
3436 2896 3477 2959 9

1010 3067 1023 3080 .
1070 3018 1288 3081 Fovea
1335 3019 1657 3107 epigynae
1703 3018 2061 3104 rotundata,
2106 3041 2333 3104 parum
2380 3031 2491 3083 aut
2539 3042 2661 3082 non
2696 3020 2886 3084 latior
2917 3042 3113 3106 quam
3159 3020 3295 3084 lon-

1065 3125 1226 3210 gior,
1272 3147 1310 3188 a
1360 3127 1649 3210 margine
1683 3127 1926 3212 postico
1959 3127 2279 3214 epigynae
2327 3126 2535 3192 multo
2583 3128 2797 3192 minus
2845 3150 3041 3213 quam
3088 3126 3296 3211 longi-

1067 3230 1293 3296 tudine
1340 3235 1457 3296 sua
1503 3244 1749 3297 remota
1750 3283 2723 3299 ..........
2820 3237 2919 3298 14.
2966 3235 3043 3298 A.
3100 3234 3477 3319 Gasperz'nii.

1070 3378 1155 3387 —
1205 3378 1287 3387 --
1334 3351 1726 3424 transversa„
1772 3355 1921 3405 ante
1955 3340 2312 3425 rotundata,
2352 3363 2517 3427 pone
2548 3351 2843 3406 truncata
2874 3351 2984 3406 aut
3016 3340 3298 3426 paullulo

1069 3446 1260 3510 modo
1307 3447 1667 3531 rotundata,
1713 3447 1916 3511 multo
1963 3447 2151 3512 latior
2195 3470 2389 3534 quam
2435 3447 2706 3532 longior,
2762 3471 2801 3512 a
2846 3449 3141 3533 margine
3190 3470 3300 3534 po-

1071 3554 1231 3618 stico
1279 3555 1599 3642 epigynae
1644 3553 1846 3617 multo
1893 3554 2152 3638 longius
2198 3577 2391 3640 quam
2436 3554 2843 3639 longitudine
2890 3558 3007 3619 sua
3037 3567 3298 3619 remota.

2821 3664 2922 3728 18.
2968 3663 3047 3726 A.
3094 3660 3479 3727 Karliv'zskii.

1012 3818 1025 3831 .
1073 3767 1290 3831 Fovea
1338 3768 1663 3854 epigynae
1711 3790 1803 3832 oa.
1851 3767 2244 3833 0·30--0·40
2294 3791 2428 3832 mm
2473 3768 2620 3833 lata.
2751 3818 3298 3833 ......
3395 3769 3481 3833 10

1072 3912 1144 3920 -
1207 3913 1288 3921 —-
1336 3875 1723 3939 0·53—0·57
1759 3897 1894 3938 mm
1925 3875 2073 3958 lata,
2121 3897 2160 3938 a
2205 3875 2497 3961 margine
2545 3877 2790 3962 postico
2838 3877 3161 3963 epigynae
3191 3896 3299 3962 pa·

1070 4002 1215 4044 rum
1264 3993 1375 4045 aut
1420 4003 1549 4045 non
1580 3981 1838 4066 longius
1869 4005 2065 4068 quam
2098 3981 2441 4046 latitudine
2474 3984 2592 4046 sua
2636 3992 2898 4046 remota.
2950 3984 3051 4047 16.
3086 3987 3161 4046 A.
3180 3983 3479 4067 falciqer.

1071 4106 1126 4169 F
1128 4127 1329 4169 oveae
1375 4127 1413 4168 a
1459 4118 1639 4192 parte
1688 4107 1928 4192 postica
1990 4105 2295 4170 inferiore
2358 4106 2699 4190 adspectae
2745 4128 2969 4192 margo
3016 4107 3299 4192 posticus

1069 4222 1285 4276 rectus
1332 4223 1444 4276 aut
1486 4211 1722 4279 leviter
1769 4213 1960 4276 modo
2011 4235 2387 4298 procurvus.
2450 4213 2750 4278 Picturae
2797 4212 3127 4294 obscurae,
3173 4214 3301 4299 qua

1070 4319 1352 4407 epigyne
1398 4342 1562 4406 pone
1609 4313 1869 4385 foveam
1915 4331 2199 4405 ornatur⁷
2266 4343 2301 4384 e
2364 4320 2653 4406 partibus
2700 4321 2974 4385 internis
3021 4319 3300 4384 translu-

1072 4426 1369 4491 centibus
1415 4426 1774 4512 pendentis.
1823 4427 2168 4492 dimidium
2215 4428 2516 4492 dextrum
2563 4437 2627 4491 et
2672 4427 3005 4491 sinistrum
3052 4427 3301 4491 eontin-

1072 4546 1232 4619 gunt
1280 4534 1450 4597 inter
1497 4557 1565 4598 se
1610 4547 1720 4599 aut
1766 4536 2063 4621 proxima
2108 4545 2259 4599 sunt
2305 4534 2550 4599 saltem.
2599 4584 2613 4597 .
2704 4586 2719 4600 .
2813 4584 2825 4598 .
2925 4537 3023 4598 17.
3069 4534 3147 4597 A.
3194 4534 3483 4619 anoplus.

1073 4697 1154 4707 --
1205 4683 1253 4723 a·
1292 4671 1471 4743 parte
1518 4660 1763 4745 postica
1807 4659 2116 4725 inferiore
2164 4655 2507 4745 adspectae
2554 4681 2777 4744 margo
2828 4660 3109 4745 postieus
3160 4681 3301 4723 sae·

1071 4766 1336 4852 pissime
1385 4765 1636 4830 fortiter
1682 4787 2043 4852 procurvus
2090 4771 2419 4847 (arcuatus
2465 4777 2576 4830 aut
2621 4766 2688 4829 in
2719 4766 3033 4852 angulum
3079 4775 3300 4830 rotun-
