3850 5867
2701 539 2828 603 417

287 744 766 829 Naphtochinon
832 747 971 811 sein
1037 745 1319 823 konnen,
1384 747 1493 811 bat
1558 747 1756 814 schon
1808 749 2184 813 Peehmann
2213 754 2254 828 l)
2318 749 2830 834 nachgewiesen‚

285 851 358 915 da
384 852 503 917 der
537 875 666 918 von
697 853 830 917 ihm
873 876 990 919 aus
1023 853 1704 945 Benzoylakrylsaure
1752 855 2083 920 erhaltene
2130 856 2462 921 Farbstoff
2501 857 2681 923 nicht
2714 859 2832 923 mit

286 957 767 1044 Naphtochinon
817 960 1142 1026 identisch
1187 964 1288 1026 ist.
1336 961 1523 1027 Aller
1556 961 2269 1029 Wahrscheinlichkeit
2318 963 2485 1028 nach
2535 963 2831 1030 konden·

285 1068 480 1131 sieten
529 1068 688 1132 zwei
736 1067 1067 1134 Molekflle
1115 1069 1230 1134 der
1279 1069 2409 1159 Methylbutylbenzoylakrylsaure,
2471 1070 2688 1136 indem
2739 1073 2833 1137 sie

284 1174 426 1236 zwei
479 1171 809 1238 Molekule
856 1175 1123 1240 Wasser
1169 1174 1615 1240 ausscheiden.
1693 1176 1892 1242 Diese
1940 1176 2151 1261 Frage
2200 1176 2380 1242 kann
2427 1189 2559 1242 erst
2603 1178 2833 1263 ausge-

283 1277 448 1343 klart
500 1281 779 1367 werden,
824 1304 1012 1347 wenn
1062 1284 1129 1347 in
1164 1282 1312 1347 dem
1348 1281 1840 1347 Laboratorium
1891 1282 2003 1348 des
2038 1284 2252 1348 Herrn
2287 1284 2629 1350 Professor
2659 1285 2833 1349 Mar-

284 1384 588 1450 chlewski
650 1388 756 1453 die
802 1389 1316 1473 Untersuchung
1381 1389 1497 1453 der
1543 1390 1988 1454 Konstitution
2036 1392 2218 1454 einer
2264 1389 2468 1456 Reihe
2515 1413 2642 1456 von
2689 1413 2834 1457 ver-

284 1492 578 1559 wandten
626 1494 1028 1561 Farbstoffen
1081 1497 1393 1583 beendigt
1439 1499 1576 1562 sein
1628 1496 1808 1560 wird.

411 1655 655 1706 Krakau.
702 1659 747 1707 11
786 1658 1116 1708 chemisches
1157 1660 1563 1709 Laboratorium
1602 1660 1698 1710 der
1734 1660 2173 1726 Jagellonisehen
2216 1660 2562 1711 Universititt.

275 2155 352 2208 35.
416 2159 483 2209 M.
523 2158 639 2208 VL.
685 2138 1126 2208 KULCZYssISKI
1165 2175 1232 2211 m.
1273 2174 1317 2208 e.
1361 2157 1724 2229 Fragmenta
1762 2158 2254 2230 arachnologica,
2296 2157 2390 2213 Ν.

1103 2265 1402 2327 (Accedunt
1439 2266 1657 2316 tabulae
1695 2267 1839 2327 XIV,
1879 2264 1999 2335 XV)

381 2404 513 2472 vu.
568 2403 661 2473 De
707 2405 1043 2490 speciebus
1093 2406 1448 2492 Europaeis
1493 2408 1750 2495 generis
1795 2406 2221 2477 Amaurobius
2268 2406 2359 2491 (C.
2411 2405 2472 2474 L.
2524 2406 2722 2494 Koch)

979 2514 1037 2580 P.
1089 2513 1340 2582 Cambr.
1389 2514 1708 2599 (coelotes
1753 2516 2132 2601 auctorum).

399 2656 933 2721 Amaurobiorum
996 2658 1245 2743 species
1294 2657 1642 2722 nonnullae
1689 2657 1849 2722 adeo
1897 2657 2145 2721 similes
2207 2667 2358 2721 sunt
2403 2658 2571 2721 inter
2617 2681 2703 2742 se,
2765 2666 2836 2721 ut

270 2760 464 2826 facile
513 2763 714 2827 etiam
761 2763 1141 2849 diligentem
1188 2763 1697 2850 arachnologum
1766 2765 1832 2828 in
1883 2786 2167 2829 errorem
2215 2762 2525 2829 inducere
2572 2764 2833 2850 possint.

269 2867 686 2959 Synonymia
725 2894 965 2955 eorum,
1013 2870 1170 2935 olim
1202 2871 1608 2958 aliquatenus
1642 2871 1930 2956 confusa,
1978 2871 2321 2936 emendata
2350 2882 2446 2935 est
2477 2872 2835 2935 recentiore

267 2986 558 3062 tempore
605 2976 691 3041 ad
738 2978 1094 3042 maximam
1142 2988 1392 3065 partem
1439 2977 1553 3043 sed
1601 3000 1730 3042 non
1777 2977 1998 3064 planet,
2047 2978 2301 3063 menda,
2363 3000 2526 3064 quae
2574 2987 2835 3062 restant,

265 3081 496 3148 tollere
546 3084 849 3149 conabor.

395 3189 633 3256 Genus
681 3191 804 3257 hoc
867 3206 1119 3277 praeter
1179 3194 1427 3279 species
1490 3216 1726 3279 paucas
1792 3215 1906 3278 per
1952 3194 2273 3277 Europam
2342 3192 2486 3277 plus
2535 3193 2835 3255 minusve

264 3294 390 3360 late
439 3297 717 3363 diffusas
765 3298 1009 3363 formas
1056 3298 1298 3385 aliquot
1331 3302 1616 3365 continet
1652 3309 1895 3364 tractus
1927 3300 2226 3365 minores,
2278 3300 2619 3385 praecipue
2651 3320 2834 3362 mon-

261 3416 466 3489 tanos,
517 3403 904 3488 incolentes3
951 3405 1182 3471 harum
1230 3405 1579 3471 nonnullae
1628 3420 1844 3471 utrum
1893 3407 2022 3470 sint
2069 3407 2317 3493 species
2365 3405 2485 3470 sibi
2536 3415 2835 3470 constan-

261 3520 375 3587 ωε,
422 3535 828 3599 quamquam
890 3515 1059 3578 notis
1121 3513 1467 3579 subtilibus
1530 3514 1720 3579 modo
1770 3513 2132 3596 distinctae,
2202 3536 2285 3578 an
2335 3514 2680 3578 varietates
2727 3522 2837 3577 aut

265 3620 567 3705 „species
614 3619 1131 3706 geographicae“
1184 3620 1410 3685 formis
1457 3619 1859 3685 intermediis
1906 3622 2076 3684 inter
2121 3642 2189 3684 se
2222 3621 2619 3700 coniunctae,
2663 3618 2834 3685 dim»

259 3723 386 3789 cile
435 3738 543 3791 est
589 3727 661 3789 in
694 3729 1014 3811 praesenti
1063 3727 1144 3791 ad
1181 3727 1690 3807 decernendum3
1740 3727 1823 3790 ad
1870 3726 2041 3790 hanc
2088 3727 2528 3813 quaestionem
2576 3725 2835 3792 solven-

261 3829 414 3895 dam
481 3834 898 3898 necessariae
960 3846 1110 3898 sunt
1168 3835 1702 3919 investigationes
1765 3833 2122 3918 ulteriores,
2170 3856 2333 3920 quae
2393 3846 2464 3897 ut
2510 3832 2836 3898 faciliores

257 3937 436 4024 fiant,
509 3939 988 4026 descriptiones
1061 3942 1583 4006 Amaurobiorum
1653 3942 1896 4027 priores
1968 3940 2371 4027 aliquatenus
2442 3938 2836 4026 supplendas

257 4067 497 4110 censeo
567 4045 1088 4111 adnotationibus
1152 4047 1479 4112 nonnullis
1544 4059 1754 4133 partes
1815 4047 2134 4133 genitales
2194 4048 2650 4134 spectantibus.
2699 4045 2837 4110 Ad·

255 4153 534 4240 iungam
589 4153 818 4217 modos
865 4153 1209 4219 nonnullos
1255 4156 1590 4220 oculorum
1637 4167 1828 4241 atque
1890 4155 2401 4219 internodiorum
2467 4155 2720 4241 pedum,
2766 4164 2838 4217 ut

254 4262 644 4325 accuratius
709 4259 1100 4326 definiantur
1161 4275 1347 4327 notae
1408 4285 1447 4326 a
1508 4260 1930 4348 scriptoribus
1992 4283 2027 4326 e
2088 4262 2379 4346 partibus
2440 4261 2540 4323 his
2603 4259 2836 4324 ductae

255 4378 450 4454 atque
500 4367 595 4431 ad
646 4368 1140 4453 distinguendas
1186 4370 1712 4435 Amaurobz‘orum
1759 4369 2008 4454 species
2055 4367 2400 4432 adhibitae.
2451 4365 2673 4430 Modos
2724 4365 2837 4430 hos

253 4473 428 4562 quod
478 4476 742 4560 attinet,
789 4475 1145 4540 notandum
1179 4476 1453 4541 videtur.
1504 4488 1567 4540 et
1613 4475 1830 4557 oculos
1873 4476 2130 4539 variare
2177 4475 2305 4538 situ
2352 4485 2540 4560 atque
2587 4474 2838 4558 magni-

251 4582 484 4648 tudine
533 4582 613 4646 in
662 4582 940 4666 singulis
988 4583 1323 4667 speciebus
1371 4595 1433 4647 et
1479 4582 1718 4669 pedum
1760 4581 2236 4666 longitudinem
2285 4604 2409 4645 non
2459 4603 2599 4645 esse
2647 4580 2839 4667 plane

399 4822 439 4882 ¹)
484 4817 746 4867 Berichte
783 4816 880 4865 der
915 4815 964 4864 d,
1003 4815 1170 4865 chem.
1211 4816 1585 4867 Gessllschaft.
1629 4816 1720 4868 Bd.
1761 4816 1873 4865 XV.
1917 4812 2109 4877 (1882).
2150 4815 2198 4866 S.
2240 4814 2362 4867 887.
