3850 5867
1468 477 1605 542 438

1610 690 2015 779 Synonymia
2062 691 2299 777 speciei
2347 689 2540 754 huius
2565 712 2784 776 supra
2821 688 3093 775 prolata,
3140 710 3267 752 non
3316 687 3657 773 completa,
3727 709 3850 769 mag

1473 812 1723 884 partem
1769 799 1836 861 in
1886 798 2273 863 coniecturis
2319 798 2524 883 posita
2571 810 2669 861 est
2716 798 2924 881 magis
2972 796 3315 860 traditione
3378 806 3441 860 et
3501 793 3844 859 considera

1478 903 1594 969 bus
1658 905 2221 992 zoogeographicis
2283 905 2476 989 nixis,
2538 927 2732 991 quam
2797 902 3341 990 descriptionibus
3403 901 3485 967 ab
3550 902 3844 966 auctorib

1474 1011 1686 1077 lucem
1736 1012 1947 1096 editis,
2006 1011 2239 1076 harum
2300 1014 2476 1077 enim
2522 1010 2866 1098 pleraeque
2929 1033 3057 1076 non
3106 1009 3441 1074 sufficiunt
3500 1007 3586 1074 a‹l
3633 1021 3814 1073 certo

1471 1120 1913 1203 gnoscendam
1963 1120 2266 1205 speciem.

1614 1227 2134 1312 Descriptionem
2181 1227 2460 1313 primam
2508 1226 2740 1290 Drassi
2769 1227 2980 1310 atropi
3029 1223 3283 1289 Walck.
3330 1246 3460 1287 non
3507 1224 3691 1301 novi3
3741 1244 3850 1307 pro

1474 1331 1622 1395 liter
1667 1355 1796 1396 non
1845 1332 2076 1396 melior
2121 1343 2217 1396 est
2263 1355 2457 1419 quam
2502 1332 2810 1416 ambigua
2857 1331 3205 1416 descriptio
3254 1333 3322 1394 in
3371 1329 3850 1394 Walckenaerii

1467 1440 1667 1503 stoire
1715 1439 2033 1504 naturelle
2081 1440 2195 1503 des
2247 1441 2553 1525 Insectes‚
2601 1441 2893 1526 Apteres,
2940 1462 3002 1503 v.
3063 1447 3108 1522 1,
3155 1461 3214 1524 p.
3249 1440 3397 1522 627,
3445 1436 3558 1502 ubi
3604 1459 3755 1501 cum
3804 1437 3850 1499 A

1471 1547 1643 1610 robio
1690 1553 1909 1631 atropo
1972 1569 2109 1610 mas
2159 1546 2494 1610 cuiusdam
2558 1547 2796 1632 speciei
2845 1547 3223 1633 Pyrenaeae
3286 1546 3377 1626 (ni
3426 1543 3629 1628 fallor,
3676 1555 3850 1608 stem]

1475 1652 1685 1716 forma
1731 1654 2112 1718 Amaurobio
2149 1676 2462 1739 pyrenaeo
2509 1666 2618 1716 aut
2650 1654 2819 1718 obeso
2865 1653 3122 1729 similis)
3172 1651 3517 1716 manifesto
3566 1650 3850 1715 confusm

1476 1758 1694 1839 Quum
1756 1771 1918 1824 teste
1981 1759 2113 1826 Cel.
2178 1761 2250 1825 E.
2316 1760 2602 1826 Simonio
2668 1765 2744 1824 A.
2807 1768 3060 1844 atropos
3105 1760 3178 1824 E.
3226 1760 3382 1826 Sim.
3446 1757 3619 1822 solus
3683 1759 3749 1821 in
3798 1757 3850 1819 vi

1478 1866 1770 1931 Lutetiae
1802 1866 2202 1931 Parisiorum
2236 1905 2319 1914 —
2353 1866 2776 1954 probabiliter
2808 1867 3022 1953 itaque
3053 1867 3243 1931 etiam
3295 1865 3378 1930 ad
3425 1864 3850 1930 villers-Com

1473 1971 1585 2037 ubi
1648 1972 1939 2038 detectus
2001 1985 2099 2038 est
2162 1975 2442 2039 Drassus
2500 1982 2754 2059 atropos
2802 2013 2885 2022 —
2949 1973 3240 2058 vulgaris
3303 1975 3420 2057 sit,
3481 1970 3843 2037 verisimilli

1477 2079 1757 2165 videtur,
1802 2080 1971 2146 hanc
2019 2081 2301 2168 speciem
2350 2105 2388 2144 a
2422 2081 2919 2147 Walckenaerio
2967 2081 3279 2146 Drassum
3311 2088 3601 2165 atropum
3647 2077 3850 2165 appell

1470 2208 1633 2251 esse.
1690 2229 1759 2234 —‹-
1817 2188 2130 2253 Drassum
2175 2190 2499 2253 saxatilem
2564 2187 2973 2253 Blackwallii
3026 2188 3198 2252 1834
3261 2189 3471 2273 (cuius
3533 2186 3850 2272 descripti<

1477 2316 1600 2357 non
1655 2296 1832 2380 novi)
1880 2308 1944 2359 et
1996 2296 2302 2360 Coelotam
2348 2298 2675 2360 saxatilem
2722 2295 3011 2360 eiusdem
3059 2295 3393 2380 scriptoris
3442 2295 3667 2375 (1861)
3728 2299 3850 2358 Am

1471 2401 1572 2465 bio
1619 2409 1837 2487 atropo
1885 2424 2059 2467 nunc
2121 2402 2262 2466 sine
2309 2401 2710 2468 dubit-atione
2773 2401 3120 2486 subiung03
3183 2404 3248 2466 in
3313 2400 3555 2486 Anglia
3615 2400 3782 2464 duae
3844 2422 3850 2460 1

1477 2509 1725 2593 species
1773 2507 1963 2573 huius
2010 2511 2266 2594 generis
2313 2510 2618 2574 inventae
2680 2519 2830 2572 sunt
2894 2508 3251 2574 recentiore
3299 2521 3613 2594 tempore:
3676 2515 3850 2591 atrop

1469 2616 1765 2679 saxatilis
1787 2619 1860 2698 1);
1907 2637 1992 2680 ex
2039 2615 2140 2680 his
2187 2617 2265 2681 A.
2313 2624 2584 2701 atropos,
2634 2638 2843 2702 neque
2889 2618 2969 2681 A.
3003 2618 3310 2698 saxatilis,
3358 2626 3607 2702 partem
3655 2612 3846 2701 patell

1477 2721 1650 2808 palpi
1698 2723 1896 2785 maris
1959 2724 2027 2785 in
2075 2723 2276 2788 latere
2338 2724 2656 2787 exteriore
2717 2722 3155 2809 geniculatam
3201 2721 3413 2802 habet,
3459 2734 3531 2785 ut
3576 2745 3721 2784 eam
3770 2759 3849 2767 —

1474 2836 1706 2913 parum
1772 2828 1938 2893 ultra
2001 2829 2262 2893 modum
2328 2829 2589 2916 quidem
2639 2868 2722 2877 -—
2771 2841 3214 2915 repraesentat
3275 2828 3483 2914 figura
3552 2829 3739 2892 1092
3799 2827 3850 2889 Β

1479 2933 1678 2997 wallii
1729 2935 1792 2997 in
1862 2937 1959 3021 „A
2010 2936 2280 3024 History
2344 2935 2418 3000 of
2459 2936 2564 3001 the
2631 2936 2896 3023 Spiders
2959 2937 3149 3017 cet.“;
3211 2947 3482 3000 stemma
3546 2937 3612 2999 in
3662 2934 3850 2998 hacf

1475 3042 1757 3127 pessime
1804 3041 2201 3107 delineatum
2249 3056 2363 3107 est.

1615 3148 1757 3212 Non
1792 3147 2034 3233 dubito,
2082 3151 2239 3235 quin
2286 3151 2404 3214 sub
2446 3151 2686 3215 Coelota
2719 3153 3002 3215 solitario
3052 3149 3219 3215 duae
3267 3150 3516 3236 species
3550 3148 3850 3212 confusae

1476 3278 1516 3318 a
1562 3254 1693 3321 Cel.
1744 3257 1879 3320 Dre
1928 3256 2000 3320 L.
2049 3255 2300 3320 Kochio
2347 3280 2517 3321 anno
2570 3258 2757 3322 1868.
2813 3259 3080 3322 Coelotes
3110 3259 3454 3335 solitaria-5,
3506 3257 3690 3320 cuius
3739 3276 3850 3319 exe

1478 3362 1839 3426 masculina
1871 3375 1936 3427 et
1968 3361 2283 3428 feminina
2314 3365 2381 3427 in
2417 3364 2661 3428 Tirolia
2693 3362 3100 3429 meridionali
3131 3364 3300 3429 lecta
3345 3363 3630 3449 benigne
3680 3385 3850 3427 comn

1478 3469 1656 3533 cavit
1702 3468 1863 3532 mihi
1913 3470 2034 3533 Vir
2095 3469 2528 3555 doctissimae,
2591 3470 2768 3535 idem
2833 3483 2931 3535 est
2991 3484 3181 3557 atque
3249 3472 3515 3536 Coelotes
3561 3471 3850 3534 brevialem

1479 3576 1778 3662 exempla
1824 3575 2354 3642 Transsilvanica
2400 3577 2612 3642 eidem
2662 3579 2898 3664 speciei
2945 3600 2984 3642 a
3017 3579 3154 3643 Dre
3187 3578 3260 3642 L.
3291 3577 3545 3642 Kochio
3591 3599 3647 3640 a.
3686 3576 3846 3642 1868

1479 3682 1697 3746 iuncta
1745 3697 1920 3746 certo
1969 3682 2051 3746 ad
2099 3686 2177 3747 A.
2227 3692 2517 3771 atropum
2564 3686 2909 3771 pertinent,
2973 3686 3040 3750 in
3086 3685 3579 3750 Transsilvania
3625 3686 3812 3767 enim.

1482 3789 1782 3875 exempla
1845 3791 2368 3855 Amaurobiomm
2435 3792 2637 3856 multa
2706 3793 2772 3855 in
2836 3792 3134 3857 manibus
3195 3791 3424 3876 habui,
3494 3813 3690 3856 verus
3749 3792 3828 3855 A.

1478 3900 1685 3961 tarius
1730 3896 2133 3978 (Tirolensis)
2183 3922 2313 3963 non
2354 3899 2653 3963 occurrit.
2716 3899 2929 3963 Etiam
2981 3900 3400 3964 Amaurobius
3447 3910 3694 3964 montes
3739 3897 3850 3960 Tat

1479 4003 1786 4088 incolens,
1834 4027 2025 4088 quem
2074 4004 2187 4068 Dr.
2237 4007 2308 4070 L.
2359 4005 2546 4069 Koch
2591 4029 2759 4070 anno
2798 4007 2967 4071 1870
3019 4018 3085 4069 ut
3138 4006 3446 4071 Coelotam
3489 4007 3839 4071 solitaaeiam

1478 4110 1642 4193 tulit,
1689 4110 2001 4197 cuiusque
2049 4112 2347 4198 exempla
2392 4113 2474 4176 ab
2523 4112 2644 4176 hoc
2678 4116 2959 4177 Auctore
2991 4114 3249 4178 nomine
3280 4114 3556 4178 solitarii
3594 4113 3841 4197 signata

1478 4217 1897 4281 Amaurobius
1962 4225 2213 4303 atropos
2273 4232 2384 4283 est.
2435 4257 2517 4266 —
2570 4219 2940 4308 Epigynam
3012 4220 3072 4283 Ο.
3134 4221 3406 4284 solitarii
3467 4219 3682 4305 (1868,
3743 4217 3848 4301 fig.

1476 4322 1835 4387 secundum
1896 4324 2270 4410 exemplum
2332 4331 2408 4389 A.
2458 4329 2666 4412 att-opi
2728 4325 3153 4391 delineavisse
3215 4325 3477 4390 videtur
3538 4327 3651 4390 Dr.
3695 4325 3772 4388 L.
3820 4323 3850 4386 F.

1622 4595 1661 4654 ²)
1704 4590 1945 4642 coelom
1977 4592 2274 4657 pabulator
2310 4596 2371 4646 O.
2411 4595 2621 4644 Cambr.
2662 4596 2919 4659 Anglicus
2959 4595 3096 4644 idem
3136 4606 3218 4644 est
3255 4603 3416 4661 atque
3455 4591 3824 4645 Amaurobiue

1474 4677 1627 4732 stris.
1667 4683 1772 4730 Cfr.
1813 4681 1873 4732 O.
1915 4683 2250 4747 Cambridge,
2302 4684 2383 4733 On
2435 4700 2550 4733 new
2603 4684 2706 4732 and
2761 4699 2880 4733 rare
2931 4683 3130 4734 British
3181 4684 3507 4748 Arachnida‚
3547 4682 3682 4735 1905
3719 4682 3798 4746 (Ρ.
3844 4683 3850 4729 l

1439 4768 1630 4836 ‚club‚
1671 4785 1717 4817 v.
1759 4768 1845 4837 26,
1886 4787 1933 4835 p.
1973 4768 2078 4835 44).
