<?xml version="1.0" encoding="UTF-8"?>
<!DOCTYPE html PUBLIC "-//W3C//DTD XHTML 1.0 Transitional//EN"
    "http://www.w3.org/TR/xhtml1/DTD/xhtml1-transitional.dtd">
<html xmlns="http://www.w3.org/1999/xhtml" xml:lang="en" lang="en">
 <head>
  <title>
</title>
<meta http-equiv="Content-Type" content="text/html;charset=utf-8" />
  <meta name='ocr-system' content='tesseract 3.04.00' />
  <meta name='ocr-capabilities' content='ocr_page ocr_carea ocr_par ocr_line ocrx_word'/>
</head>
<body>
  <div class='ocr_page' id='page_1' title='image "./bulletininterna03przgoog_0477.png"; bbox 0 0 3850 5867; ppageno 0'>
   <div class='ocr_carea' id='block_1_1' title="bbox 2661 486 2794 551">
    <p class='ocr_par' dir='ltr' id='par_1_1' title="bbox 2661 486 2794 551">
     <span class='ocr_line' id='line_1_1' title="bbox 2661 486 2794 551; baseline 0.008 -1"><span class='ocrx_word' id='word_1_1' title='bbox 2661 486 2794 551; x_wconf 84' lang='lat'>439</span> 
     </span>
    </p>
   </div>
   <div class='ocr_carea' id='block_1_2' title="bbox 196 693 2804 4746">
    <p class='ocr_par' dir='ltr' id='par_1_2' title="bbox 233 693 2801 2283">
     <span class='ocr_line' id='line_1_2' title="bbox 257 693 2791 784; baseline 0.003 -26"><span class='ocrx_word' id='word_1_2' title='bbox 257 693 441 779; x_wconf 82' lang='lat' dir='ltr'>figura</span> <span class='ocrx_word' id='word_1_3' title='bbox 485 693 649 759; x_wconf 81' lang='lat' dir='ltr'>haec</span> <span class='ocrx_word' id='word_1_4' title='bbox 694 696 1021 761; x_wconf 85' lang='lat' dir='ltr'>lamellam</span> <span class='ocrx_word' id='word_1_5' title='bbox 1069 719 1196 760; x_wconf 90' lang='lat' dir='ltr'>non</span> <span class='ocrx_word' id='word_1_6' title='bbox 1243 706 1633 761; x_wconf 77' lang='lat' dir='ltr'><strong>coarctatam</strong></span> <span class='ocrx_word' id='word_1_7' title='bbox 1680 698 1749 760; x_wconf 89' lang='lat' dir='ltr'>in</span> <span class='ocrx_word' id='word_1_8' title='bbox 1795 710 1979 784; x_wconf 87' lang='lat' dir='ltr'>parte</span> <span class='ocrx_word' id='word_1_9' title='bbox 2024 698 2342 763; x_wconf 86' lang='lat' dir='ltr'>anteriore</span> <span class='ocrx_word' id='word_1_10' title='bbox 2389 700 2481 783; x_wconf 90' lang='lat' dir='ltr'>(in</span> <span class='ocrx_word' id='word_1_11' title='bbox 2541 702 2618 764; x_wconf 93' lang='lat' dir='ltr'>A.</span> <span class='ocrx_word' id='word_1_12' title='bbox 2650 702 2791 765; x_wconf 83' lang='lat' dir='ltr'>soli-</span> 
     </span>
     <span class='ocr_line' id='line_1_3' title="bbox 258 803 2796 889; baseline 0.002 -24"><span class='ocrx_word' id='word_1_13' title='bbox 258 803 400 865; x_wconf 78' lang='lat' dir='ltr'>tario</span> <span class='ocrx_word' id='word_1_14' title='bbox 431 812 753 868; x_wconf 81' lang='lat' dir='ltr'>coarctata</span> <span class='ocrx_word' id='word_1_15' title='bbox 783 804 902 889; x_wconf 88' lang='lat' dir='ltr'>est)</span> <span class='ocrx_word' id='word_1_16' title='bbox 951 815 1017 868; x_wconf 93' lang='lat' dir='ltr'>et</span> <span class='ocrx_word' id='word_1_17' title='bbox 1063 803 1422 888; x_wconf 83' lang='lat' dir='ltr'>marginem</span> <span class='ocrx_word' id='word_1_18' title='bbox 1462 805 1752 868; x_wconf 86' lang='lat' dir='ltr'>anticum</span> <span class='ocrx_word' id='word_1_19' title='bbox 1801 806 2027 869; x_wconf 68' lang='lat' dir='ltr'>foveae</span> <span class='ocrx_word' id='word_1_20' title='bbox 2074 804 2275 869; x_wconf 90' lang='lat' dir='ltr'>multo</span> <span class='ocrx_word' id='word_1_21' title='bbox 2322 804 2796 871; x_wconf 80' lang='lat' dir='ltr'>evidentiorem</span> 
     </span>
     <span class='ocr_line' id='line_1_4' title="bbox 255 908 2798 998; baseline 0.003 -27"><span class='ocrx_word' id='word_1_22' title='bbox 255 908 538 995; x_wconf 66' lang='lat' dir='ltr'>ostendit,</span> <span class='ocrx_word' id='word_1_23' title='bbox 581 932 773 996; x_wconf 84' lang='lat' dir='ltr'>quam</span> <span class='ocrx_word' id='word_1_24' title='bbox 821 909 890 973; x_wconf 91' lang='lat' dir='ltr'>in</span> <span class='ocrx_word' id='word_1_25' title='bbox 936 909 1253 997; x_wconf 87' lang='lat' dir='ltr'>exemplis</span> <span class='ocrx_word' id='word_1_26' title='bbox 1299 915 1380 976; x_wconf 79' lang='grc' dir='ltr'>Α.</span> <span class='ocrx_word' id='word_1_27' title='bbox 1428 913 1720 993; x_wconf 80' lang='lat' dir='ltr'>solitarii,</span> <span class='ocrx_word' id='word_1_28' title='bbox 1790 934 1955 998; x_wconf 84' lang='lat' dir='ltr'>quae</span> <span class='ocrx_word' id='word_1_29' title='bbox 2001 911 2143 976; x_wconf 89' lang='lat' dir='ltr'>vidi</span> <span class='ocrx_word' id='word_1_30' title='bbox 2188 911 2434 976; x_wconf 86' lang='lat' dir='ltr'>saltem.</span> <span class='ocrx_word' id='word_1_31' title='bbox 2481 951 2566 961; x_wconf 93' lang='lat'>—</span> <span class='ocrx_word' id='word_1_32' title='bbox 2612 913 2798 994; x_wconf 79' lang='lat' dir='ltr'>Quae</span> 
     </span>
     <span class='ocr_line' id='line_1_5' title="bbox 254 1016 2801 1107; baseline 0.002 -29"><span class='ocrx_word' id='word_1_33' title='bbox 254 1036 434 1101; x_wconf 85' lang='lat' dir='ltr'>quum</span> <span class='ocrx_word' id='word_1_34' title='bbox 485 1016 575 1080; x_wconf 86' lang='lat' dir='ltr'>ita</span> <span class='ocrx_word' id='word_1_35' title='bbox 620 1017 766 1103; x_wconf 76' lang='lat' dir='ltr'>sint,</span> <span class='ocrx_word' id='word_1_36' title='bbox 812 1039 1013 1104; x_wconf 88' lang='lat' dir='ltr'>aequo</span> <span class='ocrx_word' id='word_1_37' title='bbox 1059 1020 1202 1082; x_wconf 89' lang='lat' dir='ltr'>iure</span> <span class='ocrx_word' id='word_1_38' title='bbox 1247 1040 1483 1083; x_wconf 90' lang='lat' dir='ltr'>nomen</span> <span class='ocrx_word' id='word_1_39' title='bbox 1528 1020 1852 1084; x_wconf 81' lang='lat' dir='ltr'>solitarius</span> <span class='ocrx_word' id='word_1_40' title='bbox 1884 1040 1998 1104; x_wconf 89' lang='lat' dir='ltr'>pro</span> <span class='ocrx_word' id='word_1_41' title='bbox 2029 1041 2397 1107; x_wconf 85' lang='lat' dir='ltr'>synonymo</span> <span class='ocrx_word' id='word_1_42' title='bbox 2427 1021 2801 1086; x_wconf 78' lang='lat' dir='ltr'>Amaurobii</span> 
     </span>
     <span class='ocr_line' id='line_1_6' title="bbox 253 1122 2797 1208; baseline 0.003 -22"><span class='ocrx_word' id='word_1_43' title='bbox 253 1127 448 1208; x_wconf 78' lang='lat' dir='ltr'>atropi</span> <span class='ocrx_word' id='word_1_44' title='bbox 516 1122 737 1190; x_wconf 85' lang='lat' dir='ltr'>baberi</span> <span class='ocrx_word' id='word_1_45' title='bbox 809 1136 921 1189; x_wconf 88' lang='lat' dir='ltr'>aut</span> <span class='ocrx_word' id='word_1_46' title='bbox 987 1124 1250 1189; x_wconf 88' lang='lat' dir='ltr'>nomine</span> <span class='ocrx_word' id='word_1_47' title='bbox 1319 1124 1443 1189; x_wconf 92' lang='lat' dir='ltr'>hoc</span> <span class='ocrx_word' id='word_1_48' title='bbox 1518 1128 1784 1191; x_wconf 63' lang='lat' dir='ltr'>(melotes</span> <span class='ocrx_word' id='word_1_49' title='bbox 1836 1126 2155 1191; x_wconf 83' lang='lat' dir='ltr'>brevidens</span> <span class='ocrx_word' id='word_1_50' title='bbox 2201 1126 2429 1192; x_wconf 87' lang='lat' dir='ltr'>Kulcz.</span> <span class='ocrx_word' id='word_1_51' title='bbox 2478 1129 2797 1193; x_wconf 87' lang='lat' dir='ltr'>nominari</span> 
     </span>
     <span class='ocr_line' id='line_1_7' title="bbox 250 1230 2792 1319; baseline 0.003 -27"><span class='ocrx_word' id='word_1_52' title='bbox 250 1242 471 1315; x_wconf 86' lang='lat' dir='ltr'>posset,</span> <span class='ocrx_word' id='word_1_53' title='bbox 521 1231 646 1294; x_wconf 90' lang='lat' dir='ltr'>nisi</span> <span class='ocrx_word' id='word_1_54' title='bbox 694 1230 825 1297; x_wconf 84' lang='lat' dir='ltr'>Cel.</span> <span class='ocrx_word' id='word_1_55' title='bbox 857 1232 929 1297; x_wconf 88' lang='grc' dir='ltr'>Ε.</span> <span class='ocrx_word' id='word_1_56' title='bbox 962 1232 1205 1316; x_wconf 81' lang='lat' dir='ltr'>Simon,</span> <span class='ocrx_word' id='word_1_57' title='bbox 1252 1231 1363 1319; x_wconf 91' lang='lat' dir='ltr'>qui</span> <span class='ocrx_word' id='word_1_58' title='bbox 1413 1232 1663 1319; x_wconf 84' lang='lat' dir='ltr'>primns</span> <span class='ocrx_word' id='word_1_59' title='bbox 1709 1233 1960 1319; x_wconf 80' lang='lat' dir='ltr'>spe-cies</span> <span class='ocrx_word' id='word_1_60' title='bbox 2008 1254 2047 1296; x_wconf 88' lang='lat' dir='ltr'>a</span> <span class='ocrx_word' id='word_1_61' title='bbox 2094 1234 2232 1297; x_wconf 90' lang='lat' dir='ltr'>Dre</span> <span class='ocrx_word' id='word_1_62' title='bbox 2266 1234 2336 1298; x_wconf 89' lang='lat' dir='ltr'>L.</span> <span class='ocrx_word' id='word_1_63' title='bbox 2373 1233 2624 1299; x_wconf 88' lang='lat' dir='ltr'>Kochio</span> <span class='ocrx_word' id='word_1_64' title='bbox 2672 1234 2792 1300; x_wconf 89' lang='lat' dir='ltr'>sub</span> 
     </span>
     <span class='ocr_line' id='line_1_8' title="bbox 256 1336 2791 1425; baseline 0.003 -27"><span class='ocrx_word' id='word_1_65' title='bbox 256 1336 312 1400; x_wconf 87' lang='lat' dir='ltr'>C.</span> <span class='ocrx_word' id='word_1_66' title='bbox 338 1340 621 1403; x_wconf 80' lang='lat' dir='ltr'>solitario</span> <span class='ocrx_word' id='word_1_67' title='bbox 654 1338 956 1403; x_wconf 86' lang='lat' dir='ltr'>confusas</span> <span class='ocrx_word' id='word_1_68' title='bbox 987 1340 1282 1404; x_wconf 82' lang='lat' dir='ltr'>distinxit</span> <span class='ocrx_word' id='word_1_69' title='bbox 1329 1361 1382 1403; x_wconf 89' lang='lat' dir='ltr'>a.</span> <span class='ocrx_word' id='word_1_70' title='bbox 1425 1339 1591 1405; x_wconf 80' lang='lat'>1875</span> <span class='ocrx_word' id='word_1_71' title='bbox 1637 1339 1708 1403; x_wconf 89' lang='lat' dir='ltr'>in</span> <span class='ocrx_word' id='word_1_72' title='bbox 1746 1340 1912 1425; x_wconf 85' lang='lat' dir='ltr'>„Les</span> <span class='ocrx_word' id='word_1_73' title='bbox 1947 1339 2354 1404; x_wconf 85' lang='lat' dir='ltr'>Arachnides</span> <span class='ocrx_word' id='word_1_74' title='bbox 2388 1339 2468 1405; x_wconf 91' lang='lat' dir='ltr'>de</span> <span class='ocrx_word' id='word_1_75' title='bbox 2499 1341 2791 1406; x_wconf 85' lang='lat' dir='ltr'>France“</span> 
     </span>
     <span class='ocr_line' id='line_1_9' title="bbox 247 1444 2793 1533; baseline 0.003 -28"><span class='ocrx_word' id='word_1_76' title='bbox 247 1466 302 1506; x_wconf 84' lang='lat' dir='ltr'>v.</span> <span class='ocrx_word' id='word_1_77' title='bbox 346 1445 386 1507; x_wconf 76' lang='lat'><strong>2</strong></span> <span class='ocrx_word' id='word_1_78' title='bbox 449 1444 586 1529; x_wconf 91' lang='lat' dir='ltr'>(ubi</span> <span class='ocrx_word' id='word_1_79' title='bbox 649 1457 865 1510; x_wconf 89' lang='lat' dir='ltr'>tamen</span> <span class='ocrx_word' id='word_1_80' title='bbox 927 1468 1056 1510; x_wconf 92' lang='lat' dir='ltr'>non</span> <span class='ocrx_word' id='word_1_81' title='bbox 1118 1458 1294 1512; x_wconf 92' lang='lat' dir='ltr'>recte</span> <span class='ocrx_word' id='word_1_82' title='bbox 1361 1446 1666 1512; x_wconf 81' lang='lat' dir='ltr'>Coelotam</span> <span class='ocrx_word' id='word_1_83' title='bbox 1713 1454 2065 1512; x_wconf 75' lang='lat' dir='ltr'>terrestrem</span> <span class='ocrx_word' id='word_1_84' title='bbox 2125 1447 2198 1511; x_wconf 89' lang='lat' dir='ltr'>L.</span> <span class='ocrx_word' id='word_1_85' title='bbox 2245 1446 2451 1532; x_wconf 88' lang='lat' dir='ltr'>Koch,</span> <span class='ocrx_word' id='word_1_86' title='bbox 2512 1450 2793 1533; x_wconf 82' lang='lat' dir='ltr'>speciem</span> 
     </span>
     <span class='ocr_line' id='line_1_10' title="bbox 247 1549 2795 1642; baseline 0.003 -30"><span class='ocrx_word' id='word_1_87' title='bbox 247 1549 360 1613; x_wconf 90' lang='lat' dir='ltr'>sibi</span> <span class='ocrx_word' id='word_1_88' title='bbox 405 1573 482 1615; x_wconf 88' lang='lat' dir='ltr'>eo</span> <span class='ocrx_word' id='word_1_89' title='bbox 528 1563 814 1640; x_wconf 88' lang='lat' dir='ltr'>tempore</span> <span class='ocrx_word' id='word_1_90' title='bbox 859 1552 1164 1639; x_wconf 85' lang='lat' dir='ltr'>ignotam,</span> <span class='ocrx_word' id='word_1_91' title='bbox 1210 1553 1381 1618; x_wconf 89' lang='lat' dir='ltr'>inter</span> <span class='ocrx_word' id='word_1_92' title='bbox 1426 1574 1791 1642; x_wconf 83' lang='lat' dir='ltr'>synonyma</span> <span class='ocrx_word' id='word_1_93' title='bbox 1843 1555 1907 1618; x_wconf 80' lang='lat' dir='ltr'>G.</span> <span class='ocrx_word' id='word_1_94' title='bbox 1957 1556 2166 1640; x_wconf 79' lang='lat' dir='ltr'>atropz&#39;</span> <span class='ocrx_word' id='word_1_95' title='bbox 2211 1555 2479 1640; x_wconf 84' lang='lat' dir='ltr'>recepit)</span> <span class='ocrx_word' id='word_1_96' title='bbox 2528 1554 2795 1620; x_wconf 85' lang='lat' dir='ltr'>alteram</span> 
     </span>
     <span class='ocr_line' id='line_1_11' title="bbox 244 1658 2800 1748; baseline 0.003 -27"><span class='ocrx_word' id='word_1_97' title='bbox 244 1679 452 1721; x_wconf 85' lang='lat' dir='ltr'>earum</span> <span class='ocrx_word' id='word_1_98' title='bbox 506 1667 816 1745; x_wconf 65' lang='lat' dir='ltr'>europam,</span> <span class='ocrx_word' id='word_1_99' title='bbox 865 1658 1134 1727; x_wconf 81' lang='lat' dir='ltr'>alteram</span> <span class='ocrx_word' id='word_1_100' title='bbox 1183 1662 1536 1726; x_wconf 81' lang='lat' dir='ltr'>solitarium</span> <span class='ocrx_word' id='word_1_101' title='bbox 1583 1659 1991 1748; x_wconf 80' lang='lat' dir='ltr'>appellasset.</span> <span class='ocrx_word' id='word_1_102' title='bbox 2024 1698 2111 1709; x_wconf 95' lang='lat'>—</span> <span class='ocrx_word' id='word_1_103' title='bbox 2142 1661 2285 1725; x_wconf 87' lang='lat' dir='ltr'>Mas</span> <span class='ocrx_word' id='word_1_104' title='bbox 2338 1661 2614 1728; x_wconf 84' lang='lat' dir='ltr'>Coelotae</span> <span class='ocrx_word' id='word_1_105' title='bbox 2656 1665 2800 1728; x_wconf 86' lang='lat' dir='ltr'>soli-</span> 
     </span>
     <span class='ocr_line' id='line_1_12' title="bbox 246 1765 2798 1855; baseline 0.003 -27"><span class='ocrx_word' id='word_1_106' title='bbox 246 1769 388 1830; x_wconf 81' lang='lat' dir='ltr'>tarii</span> <span class='ocrx_word' id='word_1_107' title='bbox 435 1765 815 1852; x_wconf 83' lang='lat' dir='ltr'>Tirolensis‚</span> <span class='ocrx_word' id='word_1_108' title='bbox 859 1789 1050 1855; x_wconf 89' lang='lat' dir='ltr'>quem</span> <span class='ocrx_word' id='word_1_109' title='bbox 1099 1766 1232 1833; x_wconf 88' lang='lat' dir='ltr'>Cel.</span> <span class='ocrx_word' id='word_1_110' title='bbox 1264 1768 1380 1832; x_wconf 93' lang='lat' dir='ltr'>Dr.</span> <span class='ocrx_word' id='word_1_111' title='bbox 1413 1768 1487 1832; x_wconf 91' lang='lat' dir='ltr'>L.</span> <span class='ocrx_word' id='word_1_112' title='bbox 1521 1766 1707 1833; x_wconf 86' lang='lat' dir='ltr'>Koch</span> <span class='ocrx_word' id='word_1_113' title='bbox 1759 1766 2102 1854; x_wconf 77' lang='lat' dir='ltr'>descripsit</span> <span class='ocrx_word' id='word_1_114' title='bbox 2148 1791 2204 1832; x_wconf 85' lang='lat' dir='ltr'>a.</span> <span class='ocrx_word' id='word_1_115' title='bbox 2243 1768 2412 1833; x_wconf 84' lang='lat'>1872</span> <span class='ocrx_word' id='word_1_116' title='bbox 2459 1769 2798 1853; x_wconf 90' lang='lat' dir='ltr'>(Zeitschr.</span> 
     </span>
     <span class='ocr_line' id='line_1_13' title="bbox 241 1871 2798 1962; baseline 0.003 -27"><span class='ocrx_word' id='word_1_117' title='bbox 241 1871 421 1937; x_wconf 88' lang='lat' dir='ltr'>Ferd.</span> <span class='ocrx_word' id='word_1_118' title='bbox 470 1872 672 1956; x_wconf 83' lang='lat' dir='ltr'>Tirol‚</span> <span class='ocrx_word' id='word_1_119' title='bbox 735 1896 794 1960; x_wconf 89' lang='lat' dir='ltr'>p.</span> <span class='ocrx_word' id='word_1_120' title='bbox 840 1875 1013 1960; x_wconf 76' lang='lat'>295),</span> <span class='ocrx_word' id='word_1_121' title='bbox 1077 1884 1251 1939; x_wconf 86' lang='lat' dir='ltr'>certo</span> <span class='ocrx_word' id='word_1_122' title='bbox 1313 1874 1488 1939; x_wconf 91' lang='lat' dir='ltr'>idem</span> <span class='ocrx_word' id='word_1_123' title='bbox 1550 1885 1648 1939; x_wconf 88' lang='lat' dir='ltr'>est</span> <span class='ocrx_word' id='word_1_124' title='bbox 1709 1886 1900 1962; x_wconf 86' lang='lat' dir='ltr'>atque</span> <span class='ocrx_word' id='word_1_125' title='bbox 1969 1877 2033 1939; x_wconf 78' lang='lat' dir='ltr'>G.</span> <span class='ocrx_word' id='word_1_126' title='bbox 2091 1877 2415 1940; x_wconf 79' lang='lat' dir='ltr'>solitarius</span> <span class='ocrx_word' id='word_1_127' title='bbox 2479 1877 2552 1940; x_wconf 90' lang='lat' dir='ltr'>E.</span> <span class='ocrx_word' id='word_1_128' title='bbox 2617 1875 2798 1959; x_wconf 84' lang='lat' dir='ltr'>Sim.;</span> 
     </span>
     <span class='ocr_line' id='line_1_14' title="bbox 236 1980 2800 2071; baseline 0.001 -25"><span class='ocrx_word' id='word_1_129' title='bbox 236 1981 658 2047; x_wconf 79' lang='lat' dir='ltr'>Amaurobius</span> <span class='ocrx_word' id='word_1_130' title='bbox 702 1989 953 2068; x_wconf 78' lang='lat' dir='ltr'>atropos</span> <span class='ocrx_word' id='word_1_131' title='bbox 999 1983 1275 2047; x_wconf 87' lang='lat' dir='ltr'>fortasse</span> <span class='ocrx_word' id='word_1_132' title='bbox 1322 1982 1391 2046; x_wconf 91' lang='lat' dir='ltr'>in</span> <span class='ocrx_word' id='word_1_133' title='bbox 1435 1980 1686 2047; x_wconf 71' lang='lat' dir='ltr'>Tirolia</span> <span class='ocrx_word' id='word_1_134' title='bbox 1731 2004 1859 2047; x_wconf 90' lang='lat' dir='ltr'>non</span> <span class='ocrx_word' id='word_1_135' title='bbox 1905 1984 2217 2065; x_wconf 81' lang='lat' dir='ltr'>occurrit3</span> <span class='ocrx_word' id='word_1_136' title='bbox 2282 1984 2454 2048; x_wconf 90' lang='lat' dir='ltr'>inter</span> <span class='ocrx_word' id='word_1_137' title='bbox 2500 1983 2800 2071; x_wconf 87' lang='lat' dir='ltr'>exempla</span> 
     </span>
     <span class='ocr_line' id='line_1_15' title="bbox 237 2089 2801 2177; baseline 0.002 -26"><span class='ocrx_word' id='word_1_138' title='bbox 237 2090 785 2169; x_wconf 63' lang='lat' dir='ltr'>Amant-obierum,</span> <span class='ocrx_word' id='word_1_139' title='bbox 820 2112 947 2153; x_wconf 90' lang='lat' dir='ltr'>non</span> <span class='ocrx_word' id='word_1_140' title='bbox 981 2089 1181 2153; x_wconf 89' lang='lat' dir='ltr'>multa</span> <span class='ocrx_word' id='word_1_141' title='bbox 1215 2089 1498 2176; x_wconf 80' lang='lat' dir='ltr'>quidem,</span> <span class='ocrx_word' id='word_1_142' title='bbox 1545 2112 1709 2176; x_wconf 86' lang='lat' dir='ltr'>quae</span> <span class='ocrx_word' id='word_1_143' title='bbox 1748 2090 1817 2153; x_wconf 89' lang='lat' dir='ltr'>in</span> <span class='ocrx_word' id='word_1_144' title='bbox 1850 2089 2096 2153; x_wconf 73' lang='lat' dir='ltr'>Tirolia</span> <span class='ocrx_word' id='word_1_145' title='bbox 2128 2091 2362 2175; x_wconf 89' lang='lat' dir='ltr'>partim</span> <span class='ocrx_word' id='word_1_146' title='bbox 2410 2113 2450 2154; x_wconf 85' lang='lat' dir='ltr'>a</span> <span class='ocrx_word' id='word_1_147' title='bbox 2493 2114 2597 2155; x_wconf 91' lang='lat' dir='ltr'>me</span> <span class='ocrx_word' id='word_1_148' title='bbox 2643 2091 2801 2177; x_wconf 84' lang='lat' dir='ltr'>ipso,</span> 
     </span>
     <span class='ocr_line' id='line_1_16' title="bbox 233 2195 2324 2283; baseline 0.001 -25"><span class='ocrx_word' id='word_1_149' title='bbox 233 2195 484 2279; x_wconf 82' lang='lat' dir='ltr'>partim·</span> <span class='ocrx_word' id='word_1_150' title='bbox 515 2217 556 2258; x_wconf 89' lang='lat' dir='ltr'>a</span> <span class='ocrx_word' id='word_1_151' title='bbox 606 2196 673 2260; x_wconf 90' lang='lat' dir='ltr'>B.</span> <span class='ocrx_word' id='word_1_152' title='bbox 722 2195 965 2260; x_wconf 86' lang='lat' dir='ltr'>Kotula</span> <span class='ocrx_word' id='word_1_153' title='bbox 1010 2195 1177 2261; x_wconf 84' lang='lat' dir='ltr'>lecta</span> <span class='ocrx_word' id='word_1_154' title='bbox 1224 2208 1392 2281; x_wconf 88' lang='lat' dir='ltr'>sunt,</span> <span class='ocrx_word' id='word_1_155' title='bbox 1439 2198 1723 2283; x_wconf 89' lang='lat' dir='ltr'>speciem</span> <span class='ocrx_word' id='word_1_156' title='bbox 1769 2195 1942 2261; x_wconf 85' lang='lat' dir='ltr'>hanc</span> <span class='ocrx_word' id='word_1_157' title='bbox 1990 2219 2117 2260; x_wconf 91' lang='lat' dir='ltr'>non</span> <span class='ocrx_word' id='word_1_158' title='bbox 2167 2196 2324 2261; x_wconf 84' lang='lat' dir='ltr'>vidi.</span> 
     </span>
    </p>

    <p class='ocr_par' dir='ltr' id='par_1_3' title="bbox 229 2302 2800 2604">
     <span class='ocr_line' id='line_1_17' title="bbox 364 2302 2800 2389; baseline 0.001 -23"><span class='ocrx_word' id='word_1_159' title='bbox 364 2302 442 2366; x_wconf 91' lang='lat' dir='ltr'>In</span> <span class='ocrx_word' id='word_1_160' title='bbox 500 2306 841 2387; x_wconf 85' lang='lat' dir='ltr'>„Araneae</span> <span class='ocrx_word' id='word_1_161' title='bbox 888 2303 1306 2388; x_wconf 84' lang='lat' dir='ltr'>Hungariae“</span> <span class='ocrx_word' id='word_1_162' title='bbox 1361 2304 1596 2389; x_wconf 84' lang='lat' dir='ltr'>notavi,</span> <span class='ocrx_word' id='word_1_163' title='bbox 1641 2303 1714 2367; x_wconf 88' lang='lat' dir='ltr'>T.</span> <span class='ocrx_word' id='word_1_164' title='bbox 1746 2302 2143 2367; x_wconf 88' lang='lat' dir='ltr'>Thorellium</span> <span class='ocrx_word' id='word_1_165' title='bbox 2195 2326 2320 2368; x_wconf 90' lang='lat' dir='ltr'>non</span> <span class='ocrx_word' id='word_1_166' title='bbox 2369 2304 2800 2369; x_wconf 67' lang='lat' dir='ltr'>inter-novisse</span> 
     </span>
     <span class='ocr_line' id='line_1_18' title="bbox 233 2407 2800 2498; baseline 0.002 -27"><span class='ocrx_word' id='word_1_167' title='bbox 233 2407 665 2495; x_wconf 82' lang='lat' dir='ltr'>probabiliter</span> <span class='ocrx_word' id='word_1_168' title='bbox 725 2411 1176 2475; x_wconf 81' lang='lat' dir='ltr'>Amaurobium</span> <span class='ocrx_word' id='word_1_169' title='bbox 1240 2418 1588 2476; x_wconf 80' lang='lat' dir='ltr'>terrestrem</span> <span class='ocrx_word' id='word_1_170' title='bbox 1649 2422 1713 2474; x_wconf 91' lang='lat' dir='ltr'>et</span> <span class='ocrx_word' id='word_1_171' title='bbox 1776 2411 1853 2474; x_wconf 89' lang='lat' dir='ltr'>A.</span> <span class='ocrx_word' id='word_1_172' title='bbox 1920 2418 2213 2496; x_wconf 82' lang='lat' dir='ltr'>atropum</span> <span class='ocrx_word' id='word_1_173' title='bbox 2274 2420 2492 2498; x_wconf 87' lang='lat' dir='ltr'>(quem</span> <span class='ocrx_word' id='word_1_174' title='bbox 2536 2411 2676 2475; x_wconf 89' lang='lat' dir='ltr'>loco</span> <span class='ocrx_word' id='word_1_175' title='bbox 2724 2435 2800 2477; x_wconf 92' lang='lat' dir='ltr'>eo</span> 
     </span>
     <span class='ocr_line' id='line_1_19' title="bbox 229 2514 1006 2604; baseline 0.001 -25"><span class='ocrx_word' id='word_1_176' title='bbox 229 2517 593 2581; x_wconf 75' lang='lat' dir='ltr'>solitarium</span> <span class='ocrx_word' id='word_1_177' title='bbox 637 2514 1006 2604; x_wconf 82' lang='lat' dir='ltr'>appellavi).</span> 
     </span>
    </p>

    <p class='ocr_par' dir='ltr' id='par_1_4' title="bbox 204 2621 2804 4100">
     <span class='ocr_line' id='line_1_20' title="bbox 359 2621 2804 2711; baseline 0.001 -24"><span class='ocrx_word' id='word_1_178' title='bbox 359 2621 591 2688; x_wconf 82' lang='lat' dir='ltr'>Facile</span> <span class='ocrx_word' id='word_1_179' title='bbox 639 2622 1028 2689; x_wconf 77' lang='lat' dir='ltr'>crediderim</span> <span class='ocrx_word' id='word_1_180' title='bbox 1093 2645 1132 2688; x_wconf 87' lang='lat' dir='ltr'>a</span> <span class='ocrx_word' id='word_1_181' title='bbox 1175 2623 1305 2691; x_wconf 84' lang='lat' dir='ltr'>Cel.</span> <span class='ocrx_word' id='word_1_182' title='bbox 1354 2624 1430 2689; x_wconf 90' lang='grc' dir='ltr'>Ο.</span> <span class='ocrx_word' id='word_1_183' title='bbox 1481 2624 1835 2689; x_wconf 87' lang='lat' dir='ltr'>Hermanio</span> <span class='ocrx_word' id='word_1_184' title='bbox 1898 2624 2019 2690; x_wconf 90' lang='lat' dir='ltr'>sub</span> <span class='ocrx_word' id='word_1_185' title='bbox 2091 2625 2330 2690; x_wconf 87' lang='lat' dir='ltr'>Coelota</span> <span class='ocrx_word' id='word_1_186' title='bbox 2378 2632 2598 2711; x_wconf 84' lang='lat' dir='ltr'>atropo</span> <span class='ocrx_word' id='word_1_187' title='bbox 2647 2647 2804 2690; x_wconf 91' lang='lat' dir='ltr'>con-</span> 
     </span>
     <span class='ocr_line' id='line_1_21' title="bbox 228 2728 2798 2819; baseline 0.002 -27"><span class='ocrx_word' id='word_1_188' title='bbox 228 2728 407 2795; x_wconf 81' lang='lat' dir='ltr'>fusos</span> <span class='ocrx_word' id='word_1_189' title='bbox 458 2753 606 2795; x_wconf 87' lang='lat' dir='ltr'>esse</span> <span class='ocrx_word' id='word_1_190' title='bbox 655 2731 1068 2796; x_wconf 80' lang='lat' dir='ltr'>Amaurobios</span> <span class='ocrx_word' id='word_1_191' title='bbox 1113 2738 1403 2817; x_wconf 81' lang='lat' dir='ltr'>atropum</span> <span class='ocrx_word' id='word_1_192' title='bbox 1433 2741 1498 2795; x_wconf 89' lang='lat' dir='ltr'>et</span> <span class='ocrx_word' id='word_1_193' title='bbox 1529 2738 1892 2796; x_wconf 81' lang='lat' dir='ltr'>terrestrem.</span> <span class='ocrx_word' id='word_1_194' title='bbox 1948 2731 2026 2795; x_wconf 89' lang='lat' dir='ltr'>In</span> <span class='ocrx_word' id='word_1_195' title='bbox 2079 2731 2429 2817; x_wconf 86' lang='lat' dir='ltr'>„Ungarns</span> <span class='ocrx_word' id='word_1_196' title='bbox 2478 2731 2798 2819; x_wconf 84' lang='lat' dir='ltr'>Spinnen—</span> 
     </span>
     <span class='ocr_line' id='line_1_22' title="bbox 223 2836 2801 2924; baseline 0.002 -26"><span class='ocrx_word' id='word_1_197' title='bbox 223 2836 494 2921; x_wconf 84' lang='lat' dir='ltr'>fauna“,</span> <span class='ocrx_word' id='word_1_198' title='bbox 546 2861 608 2902; x_wconf 84' lang='lat' dir='ltr'>v.</span> <span class='ocrx_word' id='word_1_199' title='bbox 642 2838 701 2921; x_wconf 84' lang='lat'>3,</span> <span class='ocrx_word' id='word_1_200' title='bbox 749 2849 819 2901; x_wconf 92' lang='lat' dir='ltr'>ut</span> <span class='ocrx_word' id='word_1_201' title='bbox 865 2838 1118 2924; x_wconf 83' lang='lat' dir='ltr'>species</span> <span class='ocrx_word' id='word_1_202' title='bbox 1165 2837 1512 2903; x_wconf 82' lang='lat' dir='ltr'>distinctae</span> <span class='ocrx_word' id='word_1_203' title='bbox 1561 2837 1978 2924; x_wconf 87' lang='lat' dir='ltr'>proferuntur</span> <span class='ocrx_word' id='word_1_204' title='bbox 2024 2837 2289 2924; x_wconf 90' lang='lat' dir='ltr'>quidem</span> <span class='ocrx_word' id='word_1_205' title='bbox 2342 2840 2605 2904; x_wconf 83' lang='lat' dir='ltr'>Coelotes</span> <span class='ocrx_word' id='word_1_206' title='bbox 2637 2846 2801 2904; x_wconf 83' lang='lat' dir='ltr'>atro-</span> 
     </span>
     <span class='ocr_line' id='line_1_23' title="bbox 211 2944 2799 3033; baseline 0 -24"><span class='ocrx_word' id='word_1_207' title='bbox 211 2966 330 3028; x_wconf 85' lang='lat' dir='ltr'>pos</span> <span class='ocrx_word' id='word_1_208' title='bbox 394 2957 462 3009; x_wconf 93' lang='lat' dir='ltr'>et</span> <span class='ocrx_word' id='word_1_209' title='bbox 526 2947 889 3026; x_wconf 79' lang='lat' dir='ltr'>solitarius;</span> <span class='ocrx_word' id='word_1_210' title='bbox 954 2967 1323 3033; x_wconf 84' lang='lat' dir='ltr'>synonyma</span> <span class='ocrx_word' id='word_1_211' title='bbox 1391 2946 1451 3011; x_wconf 84' lang='lat' dir='ltr'>C.</span> <span class='ocrx_word' id='word_1_212' title='bbox 1501 2949 1711 3031; x_wconf 79' lang='lat' dir='ltr'>atropi</span> <span class='ocrx_word' id='word_1_213' title='bbox 1776 2944 1947 3031; x_wconf 90' lang='lat' dir='ltr'>quod</span> <span class='ocrx_word' id='word_1_214' title='bbox 2010 2947 2257 3029; x_wconf 73' lang='lat' dir='ltr'>attinet,</span> <span class='ocrx_word' id='word_1_215' title='bbox 2306 2947 2553 3010; x_wconf 88' lang='lat' dir='ltr'>Auctor</span> <span class='ocrx_word' id='word_1_216' title='bbox 2598 2944 2681 3008; x_wconf 89' lang='lat' dir='ltr'>ad</span> <span class='ocrx_word' id='word_1_217' title='bbox 2728 2946 2799 3010; x_wconf 87' lang='lat' dir='ltr'>T.</span> 
     </span>
     <span class='ocr_line' id='line_1_24' title="bbox 219 3049 2801 3142; baseline 0.002 -29"><span class='ocrx_word' id='word_1_218' title='bbox 219 3049 524 3116; x_wconf 87' lang='lat' dir='ltr'>Thorelli</span> <span class='ocrx_word' id='word_1_219' title='bbox 573 3050 897 3117; x_wconf 87' lang='lat' dir='ltr'>Remarks</span> <span class='ocrx_word' id='word_1_220' title='bbox 959 3074 1043 3116; x_wconf 94' lang='lat' dir='ltr'>on</span> <span class='ocrx_word' id='word_1_221' title='bbox 1091 3054 1467 3142; x_wconf 79' lang='lat' dir='ltr'>Synonyms</span> <span class='ocrx_word' id='word_1_222' title='bbox 1515 3052 1814 3117; x_wconf 80' lang='lat' dir='ltr'>lectorem</span> <span class='ocrx_word' id='word_1_223' title='bbox 1880 3050 2159 3136; x_wconf 84' lang='lat' dir='ltr'>delegat,</span> <span class='ocrx_word' id='word_1_224' title='bbox 2207 3051 2317 3117; x_wconf 87' lang='lat' dir='ltr'>ubi</span> <span class='ocrx_word' id='word_1_225' title='bbox 2373 3052 2640 3117; x_wconf 84' lang='lat' dir='ltr'>Coelotes</span> <span class='ocrx_word' id='word_1_226' title='bbox 2686 3060 2801 3118; x_wconf 90' lang='lat' dir='ltr'>ter-</span> 
     </span>
     <span class='ocr_line' id='line_1_25' title="bbox 219 3159 2799 3248; baseline 0 -27"><span class='ocrx_word' id='word_1_227' title='bbox 219 3161 442 3225; x_wconf 81' lang='lat' dir='ltr'>restris</span> <span class='ocrx_word' id='word_1_228' title='bbox 510 3160 684 3224; x_wconf 89' lang='lat' dir='ltr'>inter</span> <span class='ocrx_word' id='word_1_229' title='bbox 745 3182 1116 3248; x_wconf 85' lang='lat' dir='ltr'>synonyma</span> <span class='ocrx_word' id='word_1_230' title='bbox 1190 3160 1254 3225; x_wconf 84' lang='lat' dir='ltr'>C.</span> <span class='ocrx_word' id='word_1_231' title='bbox 1320 3163 1532 3245; x_wconf 70' lang='lat' dir='ltr'>atropz‘</span> <span class='ocrx_word' id='word_1_232' title='bbox 1597 3171 1896 3244; x_wconf 87' lang='lat' dir='ltr'>receptus</span> <span class='ocrx_word' id='word_1_233' title='bbox 1959 3172 2099 3241; x_wconf 78' lang='lat' dir='ltr'>est3</span> <span class='ocrx_word' id='word_1_234' title='bbox 2169 3180 2250 3223; x_wconf 82' lang='lat' dir='ltr'>ex</span> <span class='ocrx_word' id='word_1_235' title='bbox 2319 3159 2556 3245; x_wconf 87' lang='lat' dir='ltr'>quibus</span> <span class='ocrx_word' id='word_1_236' title='bbox 2619 3159 2799 3245; x_wconf 85' lang='lat' dir='ltr'>sequi</span> 
     </span>
     <span class='ocr_line' id='line_1_26' title="bbox 218 3264 2802 3353; baseline 0.001 -24"><span class='ocrx_word' id='word_1_237' title='bbox 218 3266 513 3351; x_wconf 82' lang='lat' dir='ltr'>videtur,</span> <span class='ocrx_word' id='word_1_238' title='bbox 585 3266 648 3330; x_wconf 81' lang='lat' dir='ltr'>C.</span> <span class='ocrx_word' id='word_1_239' title='bbox 698 3274 991 3351; x_wconf 80' lang='lat' dir='ltr'>atropum</span> <span class='ocrx_word' id='word_1_240' title='bbox 1051 3265 1126 3331; x_wconf 88' lang='lat' dir='ltr'>O.</span> <span class='ocrx_word' id='word_1_241' title='bbox 1177 3266 1516 3331; x_wconf 86' lang='lat' dir='ltr'>Hermanii</span> <span class='ocrx_word' id='word_1_242' title='bbox 1584 3264 1866 3332; x_wconf 83' lang='lat' dir='ltr'>eundem</span> <span class='ocrx_word' id='word_1_243' title='bbox 1931 3288 2073 3331; x_wconf 90' lang='lat' dir='ltr'>esse</span> <span class='ocrx_word' id='word_1_244' title='bbox 2118 3279 2307 3353; x_wconf 88' lang='lat' dir='ltr'>atque</span> <span class='ocrx_word' id='word_1_245' title='bbox 2378 3270 2440 3331; x_wconf 75' lang='lat' dir='ltr'>(J.</span> <span class='ocrx_word' id='word_1_246' title='bbox 2490 3269 2802 3331; x_wconf 58' lang='lat' dir='ltr'>terrestris</span> 
     </span>
     <span class='ocr_line' id='line_1_27' title="bbox 213 3371 2801 3459; baseline -0.001 -22"><span class='ocrx_word' id='word_1_247' title='bbox 213 3371 286 3437; x_wconf 90' lang='lat' dir='ltr'>L.</span> <span class='ocrx_word' id='word_1_248' title='bbox 319 3371 549 3457; x_wconf 85' lang='lat' dir='ltr'>Koch,</span> <span class='ocrx_word' id='word_1_249' title='bbox 606 3373 668 3438; x_wconf 81' lang='lat' dir='ltr'>C.</span> <span class='ocrx_word' id='word_1_250' title='bbox 698 3375 1054 3438; x_wconf 74' lang='lat' dir='ltr'>solitarium</span> <span class='ocrx_word' id='word_1_251' title='bbox 1101 3371 1175 3439; x_wconf 92' lang='lat' dir='ltr'>O.</span> <span class='ocrx_word' id='word_1_252' title='bbox 1213 3373 1434 3438; x_wconf 89' lang='lat' dir='ltr'>Herm.</span> <span class='ocrx_word' id='word_1_253' title='bbox 1482 3372 1760 3437; x_wconf 89' lang='lat' dir='ltr'>eundem</span> <span class='ocrx_word' id='word_1_254' title='bbox 1808 3384 2001 3459; x_wconf 89' lang='lat' dir='ltr'>atque</span> <span class='ocrx_word' id='word_1_255' title='bbox 2039 3374 2103 3438; x_wconf 88' lang='lat' dir='ltr'>C.</span> <span class='ocrx_word' id='word_1_256' title='bbox 2139 3375 2461 3439; x_wconf 80' lang='lat' dir='ltr'>solitarius</span> <span class='ocrx_word' id='word_1_257' title='bbox 2507 3372 2578 3438; x_wconf 89' lang='lat' dir='ltr'>L.</span> <span class='ocrx_word' id='word_1_258' title='bbox 2608 3372 2801 3436; x_wconf 87' lang='lat' dir='ltr'>Koch</span> 
     </span>
     <span class='ocr_line' id='line_1_28' title="bbox 215 3477 2800 3567; baseline 0 -24"><span class='ocrx_word' id='word_1_259' title='bbox 215 3502 298 3543; x_wconf 84' lang='lat' dir='ltr'>ex</span> <span class='ocrx_word' id='word_1_260' title='bbox 347 3492 546 3565; x_wconf 85' lang='lat' dir='ltr'>parte</span> <span class='ocrx_word' id='word_1_261' title='bbox 596 3480 692 3565; x_wconf 85' lang='lat' dir='ltr'>(C.</span> <span class='ocrx_word' id='word_1_262' title='bbox 726 3488 980 3565; x_wconf 80' lang='lat' dir='ltr'>atropos</span> <span class='ocrx_word' id='word_1_263' title='bbox 1011 3479 1085 3544; x_wconf 82' lang='lat' dir='ltr'>E.</span> <span class='ocrx_word' id='word_1_264' title='bbox 1119 3479 1325 3562; x_wconf 88' lang='lat' dir='ltr'>Sim.);</span> <span class='ocrx_word' id='word_1_265' title='bbox 1376 3478 1491 3544; x_wconf 90' lang='lat' dir='ltr'>sed</span> <span class='ocrx_word' id='word_1_266' title='bbox 1537 3480 1908 3567; x_wconf 82' lang='lat' dir='ltr'>exemplum</span> <span class='ocrx_word' id='word_1_267' title='bbox 1955 3481 2329 3545; x_wconf 81' lang='lat' dir='ltr'>Amaurobii</span> <span class='ocrx_word' id='word_1_268' title='bbox 2372 3478 2454 3544; x_wconf 89' lang='lat' dir='ltr'>ab</span> <span class='ocrx_word' id='word_1_269' title='bbox 2503 3477 2577 3545; x_wconf 92' lang='grc' dir='ltr'>Ο.</span> <span class='ocrx_word' id='word_1_270' title='bbox 2630 3479 2800 3543; x_wconf 90' lang='lat' dir='ltr'>Her-</span> 
     </span>
     <span class='ocr_line' id='line_1_29' title="bbox 211 3585 2800 3673; baseline 0 -23"><span class='ocrx_word' id='word_1_271' title='bbox 211 3589 439 3651; x_wconf 86' lang='lat' dir='ltr'>manio</span> <span class='ocrx_word' id='word_1_272' title='bbox 509 3587 777 3651; x_wconf 90' lang='lat' dir='ltr'>nomine</span> <span class='ocrx_word' id='word_1_273' title='bbox 844 3588 906 3651; x_wconf 86' lang='lat' dir='ltr'>C.</span> <span class='ocrx_word' id='word_1_274' title='bbox 953 3589 1163 3673; x_wconf 83' lang='lat' dir='ltr'>atropi</span> <span class='ocrx_word' id='word_1_275' title='bbox 1225 3589 1571 3673; x_wconf 84' lang='lat' dir='ltr'>signatum,</span> <span class='ocrx_word' id='word_1_276' title='bbox 1632 3586 1713 3651; x_wconf 90' lang='lat' dir='ltr'>ad</span> <span class='ocrx_word' id='word_1_277' title='bbox 1778 3586 1934 3651; x_wconf 90' lang='lat' dir='ltr'>Also</span> <span class='ocrx_word' id='word_1_278' title='bbox 1998 3586 2248 3651; x_wconf 73' lang='lat' dir='ltr'>Hamor</span> <span class='ocrx_word' id='word_1_279' title='bbox 2309 3586 2567 3669; x_wconf 81' lang='lat' dir='ltr'>lectum,</span> <span class='ocrx_word' id='word_1_280' title='bbox 2627 3585 2800 3672; x_wconf 90' lang='lat' dir='ltr'>quod</span> 
     </span>
     <span class='ocr_line' id='line_1_30' title="bbox 212 3692 2802 3779; baseline -0 -22"><span class='ocrx_word' id='word_1_281' title='bbox 212 3693 375 3777; x_wconf 76' lang='lat' dir='ltr'>vidi,</span> <span class='ocrx_word' id='word_1_282' title='bbox 425 3694 867 3759; x_wconf 67' lang='lat' dir='ltr'>Amant-obius</span> <span class='ocrx_word' id='word_1_283' title='bbox 912 3701 1166 3779; x_wconf 80' lang='lat' dir='ltr'>atropos</span> <span class='ocrx_word' id='word_1_284' title='bbox 1211 3705 1309 3759; x_wconf 83' lang='lat' dir='ltr'>est</span> <span class='ocrx_word' id='word_1_285' title='bbox 1354 3693 1500 3775; x_wconf 90' lang='lat' dir='ltr'>(cfr.</span> <span class='ocrx_word' id='word_1_286' title='bbox 1541 3694 1837 3757; x_wconf 86' lang='lat' dir='ltr'>Araneae</span> <span class='ocrx_word' id='word_1_287' title='bbox 1883 3692 2285 3778; x_wconf 84' lang='lat' dir='ltr'>Hungariae‚</span> <span class='ocrx_word' id='word_1_288' title='bbox 2338 3717 2393 3757; x_wconf 87' lang='lat' dir='ltr'>v.</span> <span class='ocrx_word' id='word_1_289' title='bbox 2429 3695 2487 3778; x_wconf 76' lang='lat'>2,</span> <span class='ocrx_word' id='word_1_290' title='bbox 2533 3715 2594 3778; x_wconf 89' lang='lat' dir='ltr'>p.</span> <span class='ocrx_word' id='word_1_291' title='bbox 2631 3693 2802 3775; x_wconf 84' lang='lat'>160),</span> 
     </span>
     <span class='ocr_line' id='line_1_31' title="bbox 211 3797 2798 3888; baseline -0.003 -20"><span class='ocrx_word' id='word_1_292' title='bbox 211 3804 562 3888; x_wconf 81' lang='lat' dir='ltr'>„Coelotae</span> <span class='ocrx_word' id='word_1_293' title='bbox 609 3803 918 3866; x_wconf 77' lang='lat' dir='ltr'>solitarii“</span> <span class='ocrx_word' id='word_1_294' title='bbox 987 3800 1286 3888; x_wconf 85' lang='lat' dir='ltr'>exempla</span> <span class='ocrx_word' id='word_1_295' title='bbox 1349 3823 1504 3866; x_wconf 81' lang='lat' dir='ltr'>vero</span> <span class='ocrx_word' id='word_1_296' title='bbox 1567 3823 1635 3864; x_wconf 92' lang='lat' dir='ltr'>se</span> <span class='ocrx_word' id='word_1_297' title='bbox 1695 3822 1825 3864; x_wconf 92' lang='lat' dir='ltr'>non</span> <span class='ocrx_word' id='word_1_298' title='bbox 1871 3799 2119 3864; x_wconf 88' lang='lat' dir='ltr'>vidisse</span> <span class='ocrx_word' id='word_1_299' title='bbox 2167 3799 2326 3864; x_wconf 87' lang='lat' dir='ltr'>dicit</span> <span class='ocrx_word' id='word_1_300' title='bbox 2386 3797 2460 3864; x_wconf 92' lang='grc' dir='ltr'>Ο.</span> <span class='ocrx_word' id='word_1_301' title='bbox 2510 3798 2798 3863; x_wconf 87' lang='lat' dir='ltr'>Herman</span> 
     </span>
     <span class='ocr_line' id='line_1_32' title="bbox 207 3906 2796 3995; baseline -0.002 -23"><span class='ocrx_word' id='word_1_302' title='bbox 207 3907 273 3992; x_wconf 85' lang='lat' dir='ltr'>(l.</span> <span class='ocrx_word' id='word_1_303' title='bbox 308 3930 364 3974; x_wconf 88' lang='lat' dir='ltr'>c.</span> <span class='ocrx_word' id='word_1_304' title='bbox 417 3930 486 3994; x_wconf 88' lang='lat' dir='ltr'>p.</span> <span class='ocrx_word' id='word_1_305' title='bbox 528 3909 706 3992; x_wconf 79' lang='lat'>125),</span> <span class='ocrx_word' id='word_1_306' title='bbox 755 3906 1173 3993; x_wconf 81' lang='lat' dir='ltr'>probabiliter</span> <span class='ocrx_word' id='word_1_307' title='bbox 1219 3909 1434 3995; x_wconf 89' lang='lat' dir='ltr'>itaque</span> <span class='ocrx_word' id='word_1_308' title='bbox 1482 3908 1904 3972; x_wconf 79' lang='lat' dir='ltr'>Amaurobius</span> <span class='ocrx_word' id='word_1_309' title='bbox 1937 3909 2264 3990; x_wconf 77' lang='lat' dir='ltr'>terrestris,</span> <span class='ocrx_word' id='word_1_310' title='bbox 2311 3907 2423 3992; x_wconf 91' lang='lat' dir='ltr'>qui</span> <span class='ocrx_word' id='word_1_311' title='bbox 2473 3928 2598 3969; x_wconf 90' lang='lat' dir='ltr'>non</span> <span class='ocrx_word' id='word_1_312' title='bbox 2648 3928 2796 3970; x_wconf 86' lang='lat' dir='ltr'>raro</span> 
     </span>
     <span class='ocr_line' id='line_1_33' title="bbox 204 4014 2418 4100; baseline -0.002 -19"><span class='ocrx_word' id='word_1_313' title='bbox 204 4016 514 4081; x_wconf 86' lang='lat' dir='ltr'>occurrit</span> <span class='ocrx_word' id='word_1_314' title='bbox 567 4015 637 4077; x_wconf 90' lang='lat' dir='ltr'>in</span> <span class='ocrx_word' id='word_1_315' title='bbox 687 4015 1043 4100; x_wconf 72' lang='lat' dir='ltr'>Hungaria,</span> <span class='ocrx_word' id='word_1_316' title='bbox 1090 4014 1264 4079; x_wconf 89' lang='lat' dir='ltr'>idem</span> <span class='ocrx_word' id='word_1_317' title='bbox 1312 4015 1368 4078; x_wconf 91' lang='lat' dir='ltr'>ei</span> <span class='ocrx_word' id='word_1_318' title='bbox 1417 4015 1599 4078; x_wconf 85' lang='lat' dir='ltr'>visus</span> <span class='ocrx_word' id='word_1_319' title='bbox 1646 4024 1744 4079; x_wconf 83' lang='lat' dir='ltr'>est</span> <span class='ocrx_word' id='word_1_320' title='bbox 1788 4024 1979 4100; x_wconf 87' lang='lat' dir='ltr'>atque</span> <span class='ocrx_word' id='word_1_321' title='bbox 2024 4016 2102 4078; x_wconf 91' lang='lat' dir='ltr'>A.</span> <span class='ocrx_word' id='word_1_322' title='bbox 2149 4021 2418 4099; x_wconf 77' lang='lat' dir='ltr'>atropos.</span> 
     </span>
    </p>

    <p class='ocr_par' dir='ltr' id='par_1_5' title="bbox 196 4118 2804 4746">
     <span class='ocr_line' id='line_1_34' title="bbox 337 4118 2800 4206; baseline -0.003 -17"><span class='ocrx_word' id='word_1_323' title='bbox 337 4122 498 4189; x_wconf 87' lang='lat' dir='ltr'>Nisi</span> <span class='ocrx_word' id='word_1_324' title='bbox 560 4119 776 4205; x_wconf 88' lang='lat' dir='ltr'>fallor,</span> <span class='ocrx_word' id='word_1_325' title='bbox 824 4122 1018 4186; x_wconf 88' lang='lat' dir='ltr'>etiam</span> <span class='ocrx_word' id='word_1_326' title='bbox 1086 4124 1349 4187; x_wconf 83' lang='lat' dir='ltr'>Coelotes</span> <span class='ocrx_word' id='word_1_327' title='bbox 1394 4130 1645 4206; x_wconf 78' lang='lat' dir='ltr'>atropos</span> <span class='ocrx_word' id='word_1_328' title='bbox 1710 4120 1811 4184; x_wconf 89' lang='lat' dir='ltr'>W.</span> <span class='ocrx_word' id='word_1_329' title='bbox 1862 4120 2283 4205; x_wconf 73' lang='lat' dir='ltr'>Bosenbergii</span> <span class='ocrx_word' id='word_1_330' title='bbox 2347 4120 2573 4200; x_wconf 82' lang='lat'>(1902)</span> <span class='ocrx_word' id='word_1_331' title='bbox 2636 4118 2800 4182; x_wconf 86' lang='lat' dir='ltr'>duas</span> 
     </span>
     <span class='ocr_line' id='line_1_35' title="bbox 202 4225 2801 4313; baseline -0.003 -18"><span class='ocrx_word' id='word_1_332' title='bbox 202 4232 511 4296; x_wconf 86' lang='lat' dir='ltr'>continet</span> <span class='ocrx_word' id='word_1_333' title='bbox 582 4229 862 4313; x_wconf 86' lang='lat' dir='ltr'>species:</span> <span class='ocrx_word' id='word_1_334' title='bbox 925 4230 1377 4294; x_wconf 78' lang='lat' dir='ltr'>Amaurobium</span> <span class='ocrx_word' id='word_1_335' title='bbox 1423 4235 1712 4313; x_wconf 81' lang='lat' dir='ltr'>atropum</span> <span class='ocrx_word' id='word_1_336' title='bbox 1759 4239 1822 4292; x_wconf 89' lang='lat' dir='ltr'>et</span> <span class='ocrx_word' id='word_1_337' title='bbox 1869 4234 2235 4308; x_wconf 83' lang='lat' dir='ltr'>terrestrem,</span> <span class='ocrx_word' id='word_1_338' title='bbox 2302 4226 2475 4313; x_wconf 92' lang='lat' dir='ltr'>quod</span> <span class='ocrx_word' id='word_1_339' title='bbox 2535 4225 2801 4312; x_wconf 90' lang='lat' dir='ltr'>quidem</span> 
     </span>
     <span class='ocr_line' id='line_1_36' title="bbox 199 4333 2799 4424; baseline -0.003 -22"><span class='ocrx_word' id='word_1_340' title='bbox 199 4339 419 4424; x_wconf 81' lang='lat' dir='ltr'>magis</span> <span class='ocrx_word' id='word_1_341' title='bbox 473 4359 572 4402; x_wconf 83' lang='lat' dir='ltr'>ex</span> <span class='ocrx_word' id='word_1_342' title='bbox 623 4334 855 4400; x_wconf 87' lang='lat' dir='ltr'>litteris</span> <span class='ocrx_word' id='word_1_343' title='bbox 903 4358 943 4399; x_wconf 91' lang='lat' dir='ltr'>a</span> <span class='ocrx_word' id='word_1_344' title='bbox 987 4346 1343 4400; x_wconf 85' lang='lat' dir='ltr'>scrutatore</span> <span class='ocrx_word' id='word_1_345' title='bbox 1392 4333 1888 4419; x_wconf 83' lang='lat' dir='ltr'>diligentissimo</span> <span class='ocrx_word' id='word_1_346' title='bbox 1932 4333 2214 4420; x_wconf 85' lang='lat' dir='ltr'>acceptis</span> <span class='ocrx_word' id='word_1_347' title='bbox 2265 4333 2556 4415; x_wconf 75' lang='lat' dir='ltr'>conficio,</span> <span class='ocrx_word' id='word_1_348' title='bbox 2604 4353 2799 4418; x_wconf 92' lang='lat' dir='ltr'>quam</span> 
     </span>
     <span class='ocr_line' id='line_1_37' title="bbox 201 4437 2800 4529; baseline -0.004 -19"><span class='ocrx_word' id='word_1_349' title='bbox 201 4467 286 4509; x_wconf 86' lang='lat' dir='ltr'>ex</span> <span class='ocrx_word' id='word_1_350' title='bbox 334 4444 808 4529; x_wconf 87' lang='lat' dir='ltr'>descriptione</span> <span class='ocrx_word' id='word_1_351' title='bbox 871 4453 935 4507; x_wconf 89' lang='lat' dir='ltr'>et</span> <span class='ocrx_word' id='word_1_352' title='bbox 991 4443 1218 4528; x_wconf 85' lang='lat' dir='ltr'>figuris</span> <span class='ocrx_word' id='word_1_353' title='bbox 1282 4442 1322 4507; x_wconf 94' lang='lat' dir='ltr'>l.</span> <span class='ocrx_word' id='word_1_354' title='bbox 1370 4463 1423 4507; x_wconf 90' lang='lat' dir='ltr'>c.</span> <span class='ocrx_word' id='word_1_355' title='bbox 1487 4441 1772 4528; x_wconf 82' lang='lat' dir='ltr'>prolatis,</span> <span class='ocrx_word' id='word_1_356' title='bbox 1834 4442 1979 4526; x_wconf 82' lang='lat' dir='ltr'>Fig.</span> <span class='ocrx_word' id='word_1_357' title='bbox 2040 4440 2248 4506; x_wconf 81' lang='lat'>3140</span> <span class='ocrx_word' id='word_1_358' title='bbox 2313 4439 2355 4504; x_wconf 92' lang='lat' dir='ltr'>l.</span> <span class='ocrx_word' id='word_1_359' title='bbox 2418 4461 2471 4503; x_wconf 91' lang='lat' dir='ltr'>c.</span> <span class='ocrx_word' id='word_1_360' title='bbox 2534 4437 2800 4524; x_wconf 87' lang='lat' dir='ltr'>palpum</span> 
     </span>
     <span class='ocr_line' id='line_1_38' title="bbox 197 4546 2801 4637; baseline -0.003 -21"><span class='ocrx_word' id='word_1_361' title='bbox 197 4560 276 4617; x_wconf 85' lang='lat' dir='ltr'>A.</span> <span class='ocrx_word' id='word_1_362' title='bbox 328 4554 570 4637; x_wconf 76' lang='lat' dir='ltr'>atropi</span> <span class='ocrx_word' id='word_1_363' title='bbox 619 4559 1104 4636; x_wconf 88' lang='lat' dir='ltr'>repraesentare</span> <span class='ocrx_word' id='word_1_364' title='bbox 1169 4549 1328 4614; x_wconf 88' lang='lat' dir='ltr'>mihi</span> <span class='ocrx_word' id='word_1_365' title='bbox 1374 4548 1653 4625; x_wconf 82' lang='lat' dir='ltr'>videtur,</span> <span class='ocrx_word' id='word_1_366' title='bbox 1715 4548 1822 4632; x_wconf 84' lang='lat' dir='ltr'>fig.</span> <span class='ocrx_word' id='word_1_367' title='bbox 1869 4549 2002 4612; x_wconf 82' lang='lat'>314</span> <span class='ocrx_word' id='word_1_368' title='bbox 2051 4547 2111 4610; x_wconf 94' lang='lat' dir='ltr'>D</span> <span class='ocrx_word' id='word_1_369' title='bbox 2160 4546 2427 4633; x_wconf 86' lang='lat' dir='ltr'>palpum</span> <span class='ocrx_word' id='word_1_370' title='bbox 2490 4550 2567 4610; x_wconf 87' lang='lat' dir='ltr'>A.</span> <span class='ocrx_word' id='word_1_371' title='bbox 2612 4567 2801 4610; x_wconf 77' lang='lat' dir='ltr'>saxa-</span> 
     </span>
     <span class='ocr_line' id='line_1_39' title="bbox 196 4653 2804 4746; baseline -0.002 -23"><span class='ocrx_word' id='word_1_372' title='bbox 196 4662 332 4726; x_wconf 74' lang='lat' dir='ltr'>tilis</span> <span class='ocrx_word' id='word_1_373' title='bbox 382 4659 626 4746; x_wconf 85' lang='lat' dir='ltr'>potius</span> <span class='ocrx_word' id='word_1_374' title='bbox 673 4656 872 4743; x_wconf 91' lang='lat' dir='ltr'>(bona</span> <span class='ocrx_word' id='word_1_375' title='bbox 932 4678 1060 4722; x_wconf 90' lang='lat' dir='ltr'>non</span> <span class='ocrx_word' id='word_1_376' title='bbox 1107 4662 1244 4741; x_wconf 80' lang='lat' dir='ltr'>est),</span> <span class='ocrx_word' id='word_1_377' title='bbox 1308 4655 1414 4741; x_wconf 81' lang='lat' dir='ltr'>fig.</span> <span class='ocrx_word' id='word_1_378' title='bbox 1477 4657 1608 4720; x_wconf 86' lang='lat'>314</span> <span class='ocrx_word' id='word_1_379' title='bbox 1641 4655 1691 4718; x_wconf 92' lang='lat' dir='ltr'>B</span> <span class='ocrx_word' id='word_1_380' title='bbox 1759 4655 2033 4718; x_wconf 87' lang='lat' dir='ltr'>fortasse</span> <span class='ocrx_word' id='word_1_381' title='bbox 2096 4655 2447 4742; x_wconf 87' lang='lat' dir='ltr'>epigynam</span> <span class='ocrx_word' id='word_1_382' title='bbox 2508 4653 2585 4716; x_wconf 90' lang='lat' dir='ltr'>A.</span> <span class='ocrx_word' id='word_1_383' title='bbox 2634 4660 2804 4717; x_wconf 84' lang='lat' dir='ltr'>atro-</span> 
     </span>
    </p>
   </div>
  </div>
 </body>
</html>
