3850 5867
2809 518 2948 582 435

392 734 449 785 et
495 720 774 804 definito,
823 745 1284 810 nonnunquam
1333 737 1526 809 caret,
1573 726 1830 812 saepius
1879 728 2172 811 margine
2219 727 2331 792 tali
2369 730 2826 814 circumdatur,
2874 732 2943 795 in

390 828 658 893 dimidio
718 831 1037 895 anteriore
1098 831 1362 917 quidem
1424 831 1649 898 solum.
1716 835 2005 898 carinam
2053 835 2359 900 formanti
2406 836 2697 902 obtusam
2750 838 2942 903 semi—

391 935 768 1001 circularem
814 949 927 1001 aut
972 937 1072 1003 bis
1119 940 1186 1002 in
1220 938 1532 1025 angulum
1580 938 1995 1005 rotundatum
2047 941 2339 1022 fractam,
2387 944 2454 1007 in
2501 943 2716 1008 media
2760 956 2947 1031 parte

391 1041 661 1108 laterum
707 1043 936 1110 foveae
984 1045 1155 1109 foras
1202 1057 1540 1111 curvatam
1588 1057 1652 1111 et
1697 1059 2212 1113 evanescentem.
2278 1050 2503 1134 Margo
2550 1050 2780 1116 foveae
2826 1074 2940 1116 an-

390 1151 549 1215 ticus
599 1149 850 1216 medius
913 1151 1100 1215 modo
1161 1154 1423 1216 omnino
1485 1153 1792 1218 confusus
1855 1167 1954 1219 est
2019 1176 2166 1219 cum
2228 1155 2490 1222 lamella
2536 1157 2793 1222 foveam
2840 1181 2944 1224 re-

387 1257 601 1343 plenti,
650 1256 837 1323 modo
882 1257 963 1323 ab
1013 1261 1090 1323 ea
1133 1257 1314 1324 sulco
1362 1259 1601 1325 vadoso
1648 1271 1901 1325 tantum
1949 1261 2266 1328 distictus.
2314 1265 2561 1329 Dentes
2608 1265 2676 1329 in
2723 1264 2940 1329 lateri-

391 1365 501 1430 bus
548 1365 870 1454 epigynae
931 1388 1127 1452 prope
1189 1367 1471 1430 mediam
1535 1366 1762 1433 foveae
1823 1367 2296 1454 longitudinem
2356 1371 2579 1436 innati.
2640 1372 2814 1436 intus
2879 1382 2947 1437 et

390 1485 554 1536 retro
598 1471 852 1556 directi,
899 1473 1104 1536 forma
1150 1486 1214 1537 et
1263 1474 1708 1559 magnitudine
1756 1476 2101 1561 insigniter
2148 1478 2491 1560 variantes,
2562 1477 2942 1566 plerumque

392 1601 477 1643 ca.
509 1578 706 1665 duplo
737 1578 1059 1665 longiores
1091 1604 1282 1666 quam
1331 1579 1589 1646 latiores
1637 1584 1809 1661 (0·15
1843 1607 1976 1646 mm
2019 1582 2212 1668 longi.
2259 1586 2407 1650 008
2444 1585 2596 1666 lati).
2645 1608 2941 1650 nonnun-

389 1709 577 1772 quam
611 1686 953 1772 insigniter
983 1686 1242 1752 latiores
1289 1689 1462 1769 (0·12
1497 1698 1674 1772 mm),
1710 1712 1853 1754 raro
1887 1691 2116 1756 minuti
2153 1692 2327 1774 (0·08
2360 1692 2556 1778 longi,
2603 1695 2753 1758 0·05
2785 1692 2944 1779 lati),

388 1793 634 1879 apicem
685 1816 912 1857 versus
957 1793 1335 1882 plerumque
1398 1795 1650 1860 modice
1697 1799 2022 1880 attenuati,
2085 1799 2268 1884 apice
2318 1798 2445 1863 late
2490 1811 2784 1864 truncato
2831 1810 2943 1865 aut

387 1900 723 1966 rotundato
768 1913 879 1966 aut
924 1901 1205 1988 denique
1251 1902 1572 1988 inaequali
1621 1903 1897 1968 dentato
1966 1906 2187 1986 Quum
2248 1906 2330 1970 ab
2393 1907 2525 1970 imo
2584 1906 2949 1992 adspicitur

388 2008 683 2096 epigyne‚
733 2007 957 2074 dentes
1001 2009 1185 2095 apice
1233 2010 1592 2095 marginem
1642 2009 1937 2075 lamellae
1985 2035 2109 2076 non
2158 2026 2269 2077 aut
2314 2014 2430 2078 vix
2475 2014 2793 2098 attingere
2840 2015 2947 2078 vi·-

388 2115 636 2180 dentur.
1629 2126 1634 2131 ’

521 2222 838 2287 Diametri
886 2222 1245 2287 oculorum:
1309 2236 1439 2288 ant.
1488 2223 1656 2290 med.
1701 2226 1870 2309 018,
1936 2237 2064 2290 ant.
2111 2226 2217 2290 lat.
2262 2229 2414 2292 022
2461 2239 2525 2293 et
2569 2228 2739 2293 0·18.
2782 2239 2941 2314 post.

389 2329 550 2394 med.
597 2330 766 2414 020,
825 2341 985 2415 post.
1031 2328 1136 2394 lat.
1184 2331 1328 2395 021
1396 2340 1462 2396 et
1519 2333 1732 2416 0195,
1801 2331 2148 2397 intervalla
2193 2335 2551 2399 oculorum:
2599 2346 2726 2399 ant.
2774 2334 2945 2399 med.

388 2438 597 2519 0445,
646 2448 772 2501 ant.
819 2435 927 2501 lat.
960 2438 1133 2522 0·13,
1178 2449 1338 2523 post.
1384 2436 1552 2503 med.
1584 2440 1753 2524 O·227
1798 2453 1959 2525 post.
2006 2439 2112 2504 lat.
2160 2442 2309 2506 029
2343 2464 2478 2505 mm
2511 2440 2719 2525 longa.
2771 2444 2943 2505 Area

385 2544 717 2609 oculorum
763 2543 1124 2609 mediorum
1170 2555 1318 2609 ante
1364 2546 1533 2630 0·48,
1578 2568 1744 2632 pone
1791 2547 1936 2612 Ο·61
1988 2547 2134 2628 lata⁷
2179 2549 2329 2613 058
2378 2547 2586 2633 longa.
2655 2547 2945 2635 Clypeus

388 2651 505 2717 sub
550 2650 737 2717 oculo
783 2650 998 2716 medio
1041 2651 1195 2717 035
1242 2650 1432 2718 altus.
2810 2699 2817 2710 ›

516 2756 1031 2844 Cephalothorax
1062 2760 1164 2824 5·6
1195 2757 1447 2844 longus,
1497 2761 1598 2825 3·9
1633 2760 1817 2845 latus,
1862 2783 2014 2847 pars
2047 2760 2380 2848 cephalica
2427 2765 2532 2827 3-0
2564 2761 2709 2827 lata.
2759 2763 2944 2827 Man·-

387 2864 644 2931 dibulae
692 2865 797 2931 2·8
845 2863 1095 2950 longae,
1142 2867 1246 2931 3·0
1293 2865 1474 2931 latae.
1521 2867 1772 2932 Pedum
1820 2867 2208 2949 internodia3

877 2972 928 3037 Ι.
1018 2973 1141 3057 3·7,
1236 2973 1353 3039 1·8.
1444 2974 1569 3056 3·0,
1659 2974 1781 3051 3·1,
1884 2977 2021 3040 1·Ίὸ
2079 2995 2253 3040 (cum
2303 2974 2675 3060 unguiculis
2724 2977 2851 3054 2·1)

849 3079 936 3144 ΙΙ.
1026 3081 1150 3162 3·4,
1245 3081 1361 3164 1·7,
1454 3082 1576 3166 25,
1667 3083 1790 3158 29,
1886 3083 2032 3147 1·65
2077 3083 2234 3166 (1·9)

810 3186 933 3251 III.
1024 3188 1147 3272 32,
1244 3190 1361 3262 16,
1455 3189 1576 3272 2·1,
1667 3190 1789 3273 29,
1887 3190 2031 3254 1·ῦῦ
2079 3189 2234 3270 (1·8)

818 3293 935 3358 IV.
1024 3296 1148 3380 3·9‚
1246 3295 1361 3376 1·8,
1452 3296 1573 3376 32,
1664 3297 1793 3382 40,
1891 3296 1989 3362 l·8
2036 3297 2190 3381 (2·1)
2239 3318 2373 3360 mm
2419 3297 2628 3380 longa.

521 3401 712 3465 Mas.
757 3401 926 3487 (Fig.
973 3402 1078 3485 28,
1123 3402 1229 3486 48,
1275 3403 1403 3483 66).

520 3507 870 3572 Processus
917 3506 1247 3595 patellaris
1291 3508 1629 3596 palporum
1681 3508 1959 3597 desuper
2019 3510 2197 3574 visus
2244 3509 2443 3575 latere
2489 3511 2794 3575 interiore
2843 3505 2947 3573 di·

387 3613 654 3679 midiam
701 3614 1174 3699 longitudinem
1220 3617 1420 3702 partis
1466 3615 1798 3701 patellaris
1832 3655 1917 3664 -—
1959 3615 2039 3681 ab
2084 3616 2324 3701 angulo
2370 3616 2573 3682 basali
2621 3618 2946 3682 exteriore

386 3720 470 3786 ad
528 3721 738 3786 basim
795 3721 1170 3786 interiorem
1229 3744 1570 3809 processus
1633 3722 1965 3789 dimensae
2024 3759 2111 3773 --
2175 3722 2310 3788 fere
2372 3736 2619 3810 aequat,
2681 3724 2949 3790 circiter

388 3826 679 3915 sescuplo
725 3827 978 3913 longior
1023 3829 1284 3894 videtur
1327 3852 1522 3917 quam
1566 3829 1924 3916 paullulum
1971 3853 2135 3917 pone
2183 3832 2390 3897 basim
2436 3832 2620 3914 latus,
2688 3833 2947 3917 apicem

387 3958 615 4002 versus
662 3935 914 4000 modice
961 3947 1357 4021 angustatus,
1403 3937 1588 4023 apice
1617 3937 1746 4003 late
1792 3951 1855 4002 et
1901 3937 2117 4024 paullo
2163 3937 2419 4025 oblique
2467 3950 2825 4003 truncatus:
2875 3941 2940 4003 in

384 4041 582 4109 latere
642 4043 947 4108 interiore
1009 4042 1293 4128 paullulo
1355 4042 1604 4128 longior
1664 4066 1855 4131 quam
1918 4046 1989 4108 in
2035 4046 2376 4124 exteriore3
2442 4044 2610 4109 latus
2656 4046 2945 4111 exterius

385 4172 721 4237 processus
764 4149 956 4214 huius
1002 4170 1152 4214 cum
1197 4150 1398 4215 latere
1445 4151 1764 4218 exteriore
1809 4153 2011 4238 partis
2042 4151 2370 4238 patellaris
2402 4151 2715 4237 angulum
2746 4150 2942 4218 valde

384 4257 682 4323 obtusum
727 4268 839 4322 aut
882 4279 1106 4321 arcum
1153 4254 1356 4322 latum
1401 4256 1648 4323 format
1695 4258 1755 4322 A
1799 4258 2001 4324 latere
2030 4261 2210 4324 visus
2241 4281 2580 4346 processus
2611 4258 2947 4345 patellaris

385 4385 585 4451 paene
631 4375 981 4450 porrectus,
1042 4363 1242 4430 latere
1290 4362 1596 4431 inferiore
1642 4388 1949 4451 magnam
1995 4345 2245 4452 partem
2292 4366 2421 4431 late
2467 4366 2701 4430 leviter
2747 4387 2942 4430 exea·

385 4482 549 4557 vam,
594 4471 850 4556 apicem
897 4493 1125 4536 versus
1155 4471 1440 4558 paullulo
1469 4489 1794 4555 convexo;
1841 4495 2036 4559 supra
2066 4493 2266 4559 prope
2296 4473 2587 4537 medium
2620 4475 2685 4536 in
2718 4471 2937 4538 lobum

384 4577 683 4643 obtusum
733 4576 1042 4662 elevatus,
1086 4579 1258 4643 inter
1303 4578 1520 4643 lobum
1566 4578 1742 4643 hunc
1787 4590 1851 4645 et
1896 4580 2168 4665 apicem,
2200 4592 2480 4664 acutum,
2520 4579 2695 4644 infra
2724 4579 2945 4665 situm,

382 4683 616 4750 leviter
660 4683 763 4749 bis
809 4686 1118 4768 sinuatus,
1166 4687 1312 4750 sinu
1359 4687 1685 4771 superiore
1731 4708 1926 4773 quam
1972 4684 2244 4751 inferior
2284 4685 2530 4751 latiore.
2577 4687 2779 4751 Latus
2825 4707 2938 4750 ex-

384 4802 642 4858 ternum
688 4805 753 4857 et
799 4791 967 4857 latus
1012 4790 1290 4859 inferius
1328 4815 1670 4880 processus
1715 4791 2047 4880 patellaris
2095 4814 2390 4858 convexa
2436 4804 2586 4858 sunt
2629 4793 2699 4856 in
2730 4803 2943 4857 trans-
