3850 5867
2673 485 2803 550 451

263 697 563 762 directum
618 697 880 781 fractuS,
928 720 1056 762 non
1105 698 1168 762 in
1206 697 1530 763 lamellam
1580 698 2026 785 complanatus
2076 698 2189 763 sed
2238 698 2621 785 plerumque
2669 720 2806 763 rec-

263 803 605 889 tangularis
653 804 787 870 fere
834 805 973 870 acie
1003 804 1467 889 obtusiuscula,
1512 805 1723 869 rarius
1756 806 1969 890 magis
2000 816 2246 871 acutus.
2293 805 2519 870 Paries
2551 805 2817 870 anticus-

263 909 470 975 foveae
520 910 901 998 subplanus,
963 911 1346 998 plerumque
1392 911 1471 975 ad
1521 911 2061 999 perpendiculum
2110 911 2415 997 directae,
2476 923 2576 977 sat
2621 913 2819 997 altus,

260 1019 455 1082 rarius
505 1018 901 1105 impendens.
952 1020 1199 1083 Dentes
1248 1020 1388 1083 basi
1436 1019 1806 1084 abdominis
1852 1018 2192 1084 evidenter
2235 1020 2566 1106 propiores
2613 1042 2809 1106 quam

258 1148 467 1210 margo
531 1126 783 1191 anticus
846 1126 1090 1209 foveae,
1155 1128 1244 1190 ita
1291 1126 1415 1209 siti,
1492 1138 1561 1190 ut
1609 1126 1967 1210 marginem
2017 1126 2401 1192 anticum
2450 1126 2678 1190 foveae
2725 1148 2809 1191 ex

257 1246 422 1319 parte
469 1233 798 1298 occultent
842 1244 906 1296 et
965 1233 1150 1320 apice
1196 1255 1393 1320 supra
1433 1231 1763 1297 ‘lamellam
1813 1234 2235 1319 promineant,
2301 1243 2472 1297 retro
2520 1245 2584 1297 et
2629 1233 2811 1297 intus

258 1338 495 1419 directi,
542 1338 995 1425 triangulare3‚
1041 1338 1240 1427 duplo
1287 1352 1351 1404 et
1398 1338 1670 1402 dimidio
1718 1351 1829 1403 aut
1866 1339 1945 1425 ²s5
1983 1339 2193 1403 solum
2238 1340 2563 1425 longiores
2608 1361 2802 1426 quam

257 1444 386 1510 basi
430 1445 715 1531 latiores,
777 1447 957 1533 apice
1023 1446 1215 1509 modo
1277 1457 1552 1532 anguste
1599 1446 1787 1510 modo
1832 1446 1961 1509 late
2008 1445 2354 1531 rotundati,
2426 1446 2614 1511 modo
2657 1444 2813 1532 plus

257 1553 548 1617 minusve
570 1552 700 1616 late
732 1554 1013 1618 truncati
1048 1563 1159 1617 aut
1191 1552 1468 1639 denique
1502 1554 1888 1638 emarginati
1921 1554 2028 1617 vel
2061 1552 2445 1640 inaequales.
2473 1554 2553 1618 In
2585 1576 2813 1617 exem-

251 1659 368 1745 plis
413 1670 696 1746 quatuor
740 1659 854 1723 hos
901 1659 1125 1724 modos
1175 1661 1497 1749 epigynae
1544 1660 1795 1724 inveni:

761 1766 1024 1831 lamella
1114 1768 1280 1833 0·39.
1371 1768 1540 1851 0·39,
1626 1768 1795 1849 032,
1885 1767 2028 1831 Ο·31
2128 1765 2340 1852 longa,

762 1885 910 1938 ante
1105 1875 1273 1958 036,
1365 1875 1532 1947 040,
1623 1876 1791 1955 035,
1884 1876 2033 1938 052
2127 1873 2276 1958 lata,

761 2003 927 2066 pone
1108 1982 1276 2065 039,
1367 1981 1537 2060 052,
1628 1983 1797 2065 044,
1887 1983 2037 2045 055
2130 1974 2277 2065 lata,

614 2085 840 2152 dentes
886 2087 1025 2153 basi
1117 2089 1285 2171 050,
1376 2089 1544 2173 050,
1633 2089 1800 2172 042,
1891 2088 2041 2153 068
2135 2088 2382 2173 remoti,

1116 2197 1285 2280 029,
1375 2195 1543 2278 037,
1634 2195 1803 2274 032,
1891 2196 2044 2259 029
2136 2193 2333 2280 longi,

1116 2304 1283 2386 0·17,
1374 2303 1540 2367 016.
1631 2302 1799 2366 016.
1891 2301 2044 2366 o·13
2134 2300 2265 2366 lati.

371 2408 676 2495 Margine
740 2409 953 2475 antico
1015 2408 1247 2474 foveae
1293 2419 1652 2487 recurvam,
1715 2409 1959 2495 pariete
2008 2410 2222 2472 antico
2287 2408 2516 2472 foveae
2564 2406 2819 2473 directo

244 2528 303 2578 et
349 2515 538 2581 fere
583 2515 859 2603 plane,
906 2516 1208 2581 dentibus
1256 2529 1406 2580 ante
1456 2518 1812 2601 marginem
1863 2516 2155 2580 anticum
2205 2514 2434 2579 foveae
2484 2514 2641 2597 sitis,
2673 2514 2809 2600 ple-

239 2645 520 2710 rumque
567 2625 851 2712 epigyne
898 2623 1091 2688 huius
1154 2624 1391 2710 speciei
1440 2623 1783 2687 manifesto
1832 2623 2049 2686 differt
2110 2623 2191 2687 ab
2241 2623 2525 2711 epigyne,
2572 2623 2810 2685 Amau-

237 2730 398 2794 robii
424 2735 736 2814 pastoris,
788 2730 902 2795 sed
950 2741 1138 2795 notae
1183 2730 1304 2795 hae
1351 2753 1573 2795 omnes
1618 2728 1838 2817 paullo
1884 2728 2232 2795 mutabiles
2280 2740 2428 2793 sunt
2474 2739 2536 2792 et
2582 2749 2810 2793 occur-

238 2849 389 2901 runt
453 2838 778 2924 exempla,
841 2860 1116 2924 quorum
1165 2838 1448 2926 epigyne
1510 2836 1802 2903 difficilis
1850 2850 1949 2902 est
2011 2836 2093 2900 ad
2142 2835 2677 2920 distinguendum
2727 2832 2817 2899 ab

238 2945 534 3033 epigyna
582 2950 662 3009 A.
706 2947 999 3030 pastoris,

369 3051 574 3117 Oculi
622 3053 750 3115 situ
815 3062 876 3115 et
938 3051 1385 3137 magnitudine
1447 3051 1701 3115 variant
1764 3050 1943 3135 adeo,
2007 3062 2076 3115 ut
2137 3051 2216 3114 ad
2284 3049 2808 3134 distinguendam

233 3156 405 3224 hanc
455 3160 746 3245 speciem
795 3158 876 3223 ab
926 3160 1308 3224 Amaurobio
1333 3166 1585 3244 pastore
1614 3157 1909 3223 adhiberi
1943 3180 2069 3221 non
2102 3159 2365 3243 possint.
2414 3156 2588 3221 Ecce
2636 3155 2811 3219 modi

234 3264 584 3329 oculorum
631 3263 1081 3351 exemplorum
1128 3288 1271 3330 sex:

1177 3406 1475 3471 diametri
1524 3406 1882 3474 oculorum:

568 3545 697 3596 ant.
748 3531 933 3617 med,
1113 3544 1240 3596 ant.
1289 3532 1412 3615 lat,
1590 3543 1750 3618 post.
1799 3531 1982 3613 med,
2164 3543 2320 3617 post.
2368 3529 2475 3594 lat.

237 3644 297 3715 1)
684 3640 830 3703 021
1073 3640 1242 3723 029,
1287 3641 1438 3703 020
1683 3638 1833 3701 022
2140 3638 2309 3720 024,
2357 3637 2505 3700 022

228 3749 293 3829 2)
685 3747 834 3810 019
1071 3746 1242 3827 026,
1289 3746 1441 3810 019
1686 3745 1838 3809 019
2144 3745 2313 3828 021,
2358 3744 2552 3807 0195

229 3854 294 3935 3)
686 3855 832 3918 017
1077 3853 1243 3933 022,
1289 3852 1437 3915 018
1686 3852 1835 3915 019
2143 3852 2311 3935 021,
2358 3850 2551 3913 0195

225 3962 294 4045 4)
686 3962 835 4024 0ιὸ
1073 3960 1241 4040 023,
1288 3960 1434 4022 017
1682 3958 1830 4022 018
2138 3958 2308 4037 019,
2358 3958 2507 4020 016

226 4068 292 4139 5)
687 4067 838 4131 015
1076 4067 1243 4149 024,
1292 4065 1441 4130 018
1688 4065 1884 4130 0185
2146 4067 2314 4145 021,
2359 4064 2506 4128 018

226 4174 291 4257 6)
687 4174 836 4237 016
1075 4173 1243 4255 026,
1291 4172 1441 4236 019
1687 4172 1840 4236 020
2145 4172 2313 4249 022,
2360 4170 2508 4233 019

1156 4315 1501 4380 intervalla
1548 4313 1912 4379 oculorum:

565 4406 703 4504 ant.
753 4439 932 4509 med..
1111 4451 1239 4506 ant.
1290 4439 1415 4526 lat,
1593 4450 1752 4527 post.
1804 4439 1984 4523 med,
2162 4450 2318 4525 post.
2366 4437 2469 4501 lat.

229 4552 288 4629 1)
642 4547 840 4611 0145
1161 4547 1356 4611 0105
1677 4547 1822 4610 021
2239 4547 2386 4609 029

223 4655 288 4733 2)
641 4653 794 4716 015
1159 4653 1308 4718 015
1676 4653 1824 4716 022
2240 4653 2388 4715 034

223 4764 289 4845 3)
644 4760 798 4823 014
1162 4761 1302 4824 011
1677 4760 1825 4822 016
2240 4758 2379 4822 Ο·31
