3850 5867
2798 431 2932 496 453

380 643 482 707 se
532 641 725 723 latae3
784 640 1066 727 exempli
1116 641 1236 707 3-ii
1299 641 1475 705 medi
1535 641 2023 728 respondentes:
2086 643 2198 706 int.
2262 641 2402 728 pes
2465 609 2564 707 11x
2597 642 2719 727 eo,
2772 645 2933 725 Γπ),

379 750 545 833 2·75,
591 751 714 820 32,
766 751 882 832 1·7,
944 747 1085 835 ped.
1152 749 1257 814 III
1319 749 1440 832 32,
1494 749 1655 824 165,
1717 748 1839 826 23,
1886 749 2008 832 32,
2062 750 2178 833 rb,
2242 748 2457 813 mand.
2517 751 2621 814 2-5
2685 748 2933 836 longae,

379 856 479 922 2·ss
525 855 708 921 latae.

509 964 587 1027 In
632 962 935 1027 thesauro
996 962 1129 1029 Oel.
1175 964 1250 1028 E.
1298 961 1572 1029 Simonii
1633 962 1773 1026 vidi
1835 962 2116 1028 feminas
2181 962 2442 1049 aliquot,
2502 985 2666 1050 quae
2714 976 2930 1028 utrum

378 1070 458 1134 ad
505 1071 956 1135 Amaurobium
1011 1071 1440 1155 pabulatorem
1500 1091 1580 1134 an
1647 1068 1730 1135 ad
1791 1073 1871 1136 A.
1932 1077 2250 1156 pastorem
2308 1071 2692 1156 pertineant,
2756 1070 2927 1135 diffi-

377 1176 687 1241 cillimum
737 1187 833 1241 est
878 1176 961 1240 ad
1010 1175 1512 1241 decernendum.

506 1284 692 1348 Mas.
741 1284 905 1367 (Fig.
957 1285 1058 1366 31,
1105 1284 1209 1367 32,
1254 1283 1359 1366 46,
1405 1285 1510 1367 47,
1557 1283 1688 1368 60).

504 1391 857 1455 Processus
905 1388 1234 1476 patellaris
1280 1388 1612 1475 palporum
1659 1389 1940 1476 desuper
1986 1390 2168 1454 visus
2202 1411 2442 1476 aequae
2483 1391 2743 1456 circiter
2788 1390 2928 1455 lon-

373 1520 495 1582 gus
539 1508 732 1583 atque
779 1497 859 1584 'lg
913 1496 1110 1583 partis
1171 1494 1519 1583 patellaris.
1590 1494 1788 1581 duplo
1851 1494 2105 1581 longior
2167 1518 2363 1585 quam
2427 1495 2716 1584 paullulo
2763 1520 2927 1584 pone

376 1603 583 1668 basim
628 1602 816 1687 latus,
860 1603 1060 1668 latere
1092 1604 1412 1667 exteriore
1458 1625 1608 1668 cum
1642 1601 1838 1666 latere
1886 1603 2297 1688 respondenti
2350 1605 2550 1691 partis
2599 1603 2926 1691 patellaris

369 1711 438 1774 in
486 1709 722 1776 lineam
771 1723 1014 1775 rectam
1061 1722 1172 1775 aut
1201 1708 1488 1797 paullulo
1521 1732 1880 1775 concavam
1912 1710 2275 1775 coniuncto,
2322 1711 2558 1775 Forma
2587 1733 2927 1797 processus

369 1815 477 1883 hic
523 1816 742 1905 paullo
804 1817 1039 1896 variatt,
1100 1816 1269 1881 latus
1314 1817 1455 1881 eius
1501 1817 1774 1880 interius
1836 1838 2030 1902 saepe
2093 1827 2359 1902 rectum,
2423 1816 2591 1882 latus
2639 1818 2925 1883 exterius

369 1924 631 1989 circiter
676 1947 715 1988 a
761 1923 975 1988 medio
1021 1922 1254 1988 leviter
1298 1922 1736 2006 rotundatum,
1783 1945 1952 2008 apex
1998 1923 2513 2008 obtusiusculus3
2561 1947 2708 1989 raro
2757 1924 2925 1989 latus

368 2031 638 2096 interius
684 2031 944 2095 circiter
988 2030 1056 2093 in
1109 2031 1186 2114 ¹s4
1237 2030 1472 2117 apicali
1533 2029 1792 2116 oblique
1853 2041 2222 2096 truncatum
2287 2041 2383 2095 est
2427 2041 2539 2096 aut
2583 2053 2924 2118 processus

367 2139 618 2224 apicem
681 2159 909 2202 versus
970 2135 1321 2223 aequaliter
1382 2135 1521 2201 fere
1583 2137 1650 2201 in
1715 2136 1917 2201 latere
1983 2148 2252 2223 utroque
2299 2148 2697 2223 angustatus.
2746 2137 2921 2201 Non-

366 2266 700 2330 nunquam
747 2248 873 2324 (ex.
903 2267 999 2329 gr.
1041 2244 1109 2307 in
1159 2242 1459 2328 exemplo
1508 2243 1870 2326 HelveticO,
1916 2243 2089 2330 quod
2137 2242 2296 2307 mihi
2344 2243 2514 2308 dono
2560 2243 2741 2309 dedit
2786 2243 2923 2311 Cel.

365 2350 438 2415 R.
487 2350 567 2415 de
615 2352 899 2430 Lessert)
961 2371 1300 2437 processus
1349 2350 1678 2438 patellaris
1726 2349 2006 2436 desuper
2053 2352 2234 2415 visus
2279 2352 2455 2415 intus
2506 2351 2720 2438 paullo
2767 2373 2920 2416 con-

366 2479 565 2521 cavus
610 2469 725 2541 est,
788 2459 1191 2522 extrinsecus
1238 2458 1454 2521 minus
1499 2457 1693 2543 longe
1753 2468 2124 2521 attenuatus
2169 2468 2233 2522 et
2277 2456 2537 2545 oblique
2581 2470 2921 2524 truncatus

362 2566 575 2651 potius
621 2587 814 2651 quam
862 2564 1262 2650 rotundatus,
1307 2565 1494 2647 apice
1541 2563 1735 2628 latius
1766 2564 2050 2630 obtusus.
2099 2568 2158 2630 A
2189 2563 2391 2629 latere
2423 2566 2740 2631 exteriore
2774 2588 2917 2651 pro-

363 2693 584 2736 cessus
631 2673 950 2736 anteriora
998 2693 1225 2736 versus
1273 2683 1334 2736 et
1380 2671 1666 2759 paullulo
1713 2694 1979 2735 sursum
2026 2670 2312 2737 directus
2358 2671 2638 2756 videtur,
2685 2672 2919 2737 similis

363 2791 555 2865 atque
601 2779 670 2843 in
720 2780 1098 2844 Amaurobio
1145 2783 1428 2844 terrestri
1477 2791 1542 2843 et
1585 2781 1887 2860 solitario,
1937 2778 2318 2865 plerumque
2366 2779 2564 2844 latere
2612 2779 2918 2845 inferiore

363 2884 650 2972 paullulo
701 2887 932 2971 minus,
980 2887 1308 2972 superiore
1355 2898 1571 2951 autem
1620 2884 1851 2950 fortius
1897 2908 2092 2972 quam
2142 2888 2207 2949 in
2256 2888 2350 2949 eis
2398 2897 2686 2971 curvatO,
2733 2887 2919 2972 apice

363 2994 580 3057 minus
624 2992 886 3079 oblique
931 3003 1283 3076 truncatus,
1341 3016 1379 3056 a
1427 3003 1608 3079 parte
1671 2994 1990 3056 exteriore
2039 2991 2349 3056 inferiore
2397 2994 2581 3057 visus
2628 2992 2917 3079 paullulo

361 3099 767 3182 incurvatus3
815 3103 878 3162 in
928 3098 1226 3185 exemplo
1280 3098 1621 3164 Helvetico
1668 3100 1851 3185 apice
1901 3101 2109 3183 magis
2156 3099 2650 3185 inaequabiliter
2696 3101 2912 3164 sinua-

360 3218 490 3271 tus:
553 3206 847 3292 margine
892 3205 1125 3294 apicali
1175 3228 1369 3292 supra
1417 3205 1554 3270 fere
1601 3218 1989 3290 transverSO,
2039 3206 2279 3291 angulo
2327 3207 2560 3294 apicali
2608 3207 2916 3271 inferiore

362 3312 618 3379 dentem
669 3313 832 3378 bene
864 3312 1242 3378 distinctum
1277 3313 1582 3378 formanti
1613 3319 1673 3392 ¹).
1719 3313 1978 3399 Carina,
2022 3313 2089 3377 in
2122 3337 2315 3402 quam
2348 3335 2718 3400 compressa
2764 3325 2916 3378 sunt

361 3443 586 3506 margo
633 3420 903 3507 apicalis
951 3443 1291 3506 processus
1352 3431 1414 3485 et
1475 3443 1626 3506 pars
1689 3443 1928 3505 magna
1992 3422 2308 3505 marginis
2371 3422 2737 3507 superioris,
2781 3432 2914 3485 tota

361 3525 497 3591 fere
558 3550 596 3591 a
645 3526 842 3591 latere
887 3527 1207 3591 exteriore
1255 3528 1543 3613 conspici
1589 3539 1815 3613 potest,
1875 3529 1945 3590 in
2010 3526 2176 3592 latus
2240 3529 2511 3592 interius
2575 3549 2913 3614 processus

361 3635 534 3698 enim
582 3657 812 3719 parum
857 3633 1065 3718 mode,
1112 3634 1177 3698 in
1227 3633 1496 3697 dimidio
1546 3633 1749 3698 basali
1797 3656 2156 3720 processuS,
2200 3633 2554 3699 descendit.

493 3743 651 3805 Pars
697 3738 1026 3826 patellaris
1073 3752 1172 3805 sat
1203 3739 1455 3805 fortiter
1500 3739 1768 3805 dilatata
1814 3741 1883 3804 in
1916 3740 2116 3805 latere
2149 3742 2485 3822 exteriore,
2532 3761 2731 3828 prope
2775 3740 2939 3826 api-.

361 3870 496 3912 cem
546 3853 700 3927 (una
746 3869 897 3912 cum
945 3858 1126 3934 parte
1191 3846 1396 3911 basali
1442 3850 1811 3933 processus)
1874 3870 2003 3911 non
2050 3846 2247 3933 duplo
2295 3846 2484 3910 latior
2529 3868 2719 3932 quam
2770 3846 2911 3911 basi

361 3966 420 4019 et
465 3977 665 4041 aeque
713 3954 974 4019 circiter
1017 3954 1151 4018 lata
1196 3969 1383 4041 atque
1429 3955 1494 4017 in
1542 3955 1708 4018 linea
1754 3954 2055 4018 mediana
2100 3953 2311 4039 longa.
2353 3991 2430 4001 —-
2463 3952 2698 4018 Carina
2745 3952 2910 4016 infe-

359 4061 488 4125 rior
528 4062 732 4149 partis
778 4061 1020 4126 tibialis
1070 4061 1284 4149 paullo
1345 4078 1495 4125 ante
1545 4060 1822 4125 mediam
1888 4060 2359 4146 longitudinem
2409 4060 2669 4124 initium
2718 4060 2910 4145 capit.

488 4169 726 4234 Carina
774 4168 1053 4234 laminae
1111 4168 1368 4233 tarsalis
1430 4168 1660 4232 similis
1722 4179 1913 4254 atque
1962 4169 2027 4230 in
2077 4168 2459 4232 Amaurobio
2506 4175 2725 4252 atropo
2774 4177 2909 4250 cet.,

362 4276 616 4340 circiter
667 4279 742 4359 ¹s3
791 4275 1215 4362 longitudinis
1261 4298 1602 4361 occupans.
1634 4313 1710 4322 —-
1749 4275 2036 4340 Stemma
2084 4273 2279 4338 valde
2325 4272 2537 4338 simile
2584 4273 2909 4337 stemmati

361 4384 726 4448 Amaurobii
772 4386 1084 4447 terrestris
1097 4406 1122 4464 ;
1186 4381 1402 4447 differt
1446 4380 1666 4468 paullo
1715 4381 2068 4445 conductor
2131 4379 2396 4463 emboli3
2455 4379 2648 4443 huius
2698 4379 2907 4466 paries

497 4632 533 4699 1)
572 4635 681 4683 Ost.
733 4634 906 4698 Roget
941 4633 1007 4683 de
1045 4635 1276 4698 Lousoi-t,
1326 4633 1708 4683 observatiam
1761 4649 1853 4683 sur
1890 4634 1967 4682 les
2005 4632 2298 4698 Araignees
2351 4632 2421 4682 dn
2461 4631 2650 4681 Bassia
2699 4631 2769 4680 du
2808 4629 2907 4680 126-

359 4736 492 4783 man,
533 4737 655 4786 pag.
692 4719 814 4773 408.
