3850 5867
859 462 992 526 4238

857 675 1027 759 0·08‚
1072 687 1200 740 ant.
1246 673 1353 739 lat.
1391 675 1612 760 ν0065,
1656 684 1820 761 post.
1871 673 2040 739 med.
2073 674 2242 759 013,
2290 674 2600 761 post..lat.
2649 675 2797 739 O·16
2832 698 2963 739 mm
2995 674 3207 762 longa.
3253 677 3433 754 Area

858 780 1195 846 oculorum
1242 782 1614 868 mediorum,
1653 791 1802 845 ante
1848 782 2017 867 029,
2064 802 2231 868 pone
2278 782 2428 872 040
2474 780 2620 866 lata,
2667 782 2812 870 037
2863 781 3073 867 longa.
3137 781 3433 872 Clypeus

861 888 982 954 sub
1030 888 1218 977 oculo
1264 888 1479 952 medio
1526 888 1674 953 Ο·18
1722 887 1912 952 altus.

992 994 1513 1082 Cephalothorax
1559 995 1662 1060 3-6
1709 994 1962 1082 longuS,
2011 996 2114 1059 2·6
2161 994 2347 1059 latus.
2397 994 2817 1060 Mandibulae
2870 997 2968 1061 1·6
3017 996 3264 1082 longae,
3320 999 3425 1060 14

860 1101 1042 1167 latae.
1090 1102 1342 1166 Pedum
1390 1102 1781 1167 internodia:

1468 1210 1519 1274 Ι.
1612 1210 1735 1293 22,
1829 1210 1995 1294 125,
2088 1210 2211 1293 2-5,
2349 1209 2471 1294 2·6,
2611 1210 2774 1295 1·55,

1431 1316 1517 1382 II.
1611 1319 1735 1402 2·7,
1827 1317 1949 1392 12,
2088 1319 2209 1398 22,
2345 1316 2469 1400 2-5,
2613 1318 2772 1398 1·45,

1395 1423 1518 1488 ΙΙΙ.
1611 1424 1735 1509 2·6,
1827 1425 1949 1508 1·1,
2092 1423 2255 1508 125,
2347 1423 2471 1508 2·6,
2612 1425 2731 1508 1·4,
3278 1473 3283 1478 .

1393 1530 1510 1595 IV.
1604 1531 1726 1614 32,
1821 1532 1986 1615 125,
2077 1531 2200 1615 2·8,
2335 1530 2501 1615 375,
2596 1532 2694 1596 1·7
2745 1552 2879 1594 mm
2925 1530 3138 1616 longa.

992 1638 1185 1703 Teste
1247 1636 1380 1703 Cel.
1427 1638 1503 1702 Ε.
1551 1636 1841 1704 Simonio
1911 1637 2112 1722 Alpes
2175 1636 2471 1704 Gallicas
2532 1637 2761 1702 incolit
2819 1637 2982 1704 haec
3045 1637 3293 1724 species
3354 1639 3425 1701 in

860 1744 1289 1833 praefecturis
1351 1744 1847 1830 Basses-Alpes
1909 1755 1973 1809 et
2036 1742 2555 1831 Hautes-Alpes
2618 1745 2793 1809 sitas.
2861 1783 2949 1793 —
3013 1744 3222 1810 Multa
3284 1746 3429 1809 eius

857 1851 1160 1939 exempla
1205 1852 1467 1936 (omnia,
1499 1874 1664 1939 quae
1695 1874 1872 1916 nunc
1902 1852 1972 1915 in
2003 1850 2308 1916 thesauro
2341 1849 2477 1919 Cel.
2510 1852 2585 1916 Ε.
2619 1851 2893 1918 Simonii
2927 1854 3431 1934 conservantur)

859 1959 1251 2043 examinavi,
1298 1959 1582 2044 benigne
1628 1958 1710 2024 ab
1759 1959 1833 2024 Ε.
1883 1959 2175 2024 Simonio
2222 1958 2718 2023 communicata.

1227 2228 1293 2296 12
1319 2226 1379 2296 b.
1429 2226 1867 2298 Amant-obius
1916 2228 2154 2313 pastor
2200 2227 2299 2310 (E.
2347 2227 2531 2314 Sim.)
2576 2227 2929 2297 tirolensis
2976 2251 3061 2292 m.

860 2387 1016 2443 1887.
1061 2388 1298 2441 Coelotes
1326 2394 1528 2454 pastor
1565 2389 1913 2455 Kulczynski.
1955 2391 2143 2455 Rozpr.
2182 2389 2355 2442 Akad.
2394 2388 2646 2452 Κτιὶιόπ,
2686 2406 2733 2442 v.
2769 2388 2856 2454 16,
2893 2406 2944 2454 p.
2970 2386 3094 2451 274,
3121 2387 3243 2452 342,
3271 2391 3306 2440 1.
3333 2387 3427 2442 60.

860 2478 1016 2531 1895.
1059 2507 1124 2515 -
1167 2507 1230 2515 -
1269 2479 1464 2528 Manet
1502 2486 1556 2528 et
1594 2479 1877 2542 Sebenkel,
1917 2478 2079 2531 Verh.
2118 2479 2240 2530 Ges.
2283 2478 2455 2542 Basel,
2496 2493 2545 2527 v.
2589 2478 2671 2543 10,
2713 2496 2761 2544 p.
2802 2477 2926 2531 749.

993 2601 1433 2684 AmaurobiuS,
1479 2622 1674 2687 quem
1720 2599 1877 2664 olim
1927 2610 1997 2665 ut
2048 2599 2356 2665 Coelotam
2392 2607 2730 2685 pastorem
2779 2623 2910 2666 non
2957 2602 3099 2667 sine
3144 2600 3426 2667 haesita-

860 2707 1051 2792 tione,
1094 2706 1354 2793 protuli,
1401 2706 1694 2793 partibus
1738 2704 2136 2792 genitalibus
2184 2705 2402 2772 differt
2447 2706 2667 2793 paullo
2715 2707 2796 2771 ab
2844 2710 2924 2773 A.
2967 2715 3224 2794 pastore
3269 2706 3428 2774 Gal-

861 2813 1007 2899 lice,
1053 2836 1249 2900 quam
1295 2813 1375 2878 ob
1425 2834 1564 2878 rem
1610 2835 1760 2877 eum
1808 2824 1880 2877 ut
1927 2814 2309 2877 varietatem
2356 2826 2467 2879 aut
2498 2814 2908 2901 subspeciem
2940 2816 3166 2899 notius,
3214 2836 3426 2880 secer-

863 2920 1155 2986 nendum
1203 2941 1451 2985 cense0.

994 3027 1363 3093 Femina.
1411 3028 1579 3113 (Fig.
1634 3029 1732 3112 11,
1782 3027 1910 3110 13).

994 3135 1246 3199 Dentes
1299 3134 1624 3223 epigynae
1686 3133 2023 3198 breviores
2086 3156 2277 3220 quam
2342 3135 2412 3198 in
2472 3136 2855 3199 Amaurobio
2891 3141 3148 3221 pastore
3191 3134 3434 3222 typice,

859 3239 1062 3307 latere
1109 3241 1430 3307 exteriore
1476 3227 1667 3305 modo
1717 3263 1947 3326 parum
1995 3241 2185 3306 modo
2233 3240 2530 3327 sescuplo
2577 3241 2716 3306 fere
2748 3240 3039 3327 longiore
3085 3263 3282 3327 quam
3315 3241 3431 3305 ba·—

862 3349 970 3435 sis,
1015 3350 1202 3435 apice
1249 3346 1580 3413 lamellam
1628 3347 1912 3413 mediam
1962 3370 2092 3412 non
2138 3349 2547 3434 attingentes,
2594 3370 2795 3434 quum
2842 3348 2924 3413 ab
2971 3348 3102 3413 imo
3143 3347 3426 3434 adspici-

861 3469 967 3522 tur
1013 3457 1312 3545 epigyne.
1357 3455 1523 3519 Pars
1570 3454 1860 3520 lateralis
1908 3468 2179 3541 utraque
2226 3454 2541 3539 marginis
2587 3455 2787 3518 antici
2820 3453 3119 3519 lamellae
3158 3453 3437 3540 mediae,

861 3585 901 3627 a
945 3563 1191 3650 pariete
1236 3563 1452 3627 antico
1500 3560 1730 3626 foveae
1775 3561 1959 3628 sulco
2014 3572 2126 3626 aut
2185 3562 2420 3626 fissura
2481 3561 2803 3646 distincta,
2865 3583 3093 3646 parum
3140 3573 3253 3626 aut
3295 3583 3427 3625 non

863 3680 1150 3751 curvata,
1195 3670 1522 3733 anteriora
1568 3690 1800 3733 versus
1846 3680 1909 3733 et
1956 3668 2131 3733 foras
2177 3667 2443 3754 directa,
2490 3690 2642 3734 cum
2672 3669 2970 3754 margine
3004 3669 3325 3734 exteriore
3357 3669 3429 3752 in

862 3774 1177 3860 angulum
1223 3785 1488 3840 acutum
1536 3776 1909 3858 coniuncta;
1972 3797 2137 3861 quae
2198 3786 2349 3839 nota
2400 3773 2621 3861 paullo
2683 3774 2974 3839 difficilis
3021 3787 3119 3841 est
3164 3776 3430 3863 quidem

863 3881 948 3946 ad
993 3880 1490 3965 observandum,
1540 3881 1655 3946 sed
1702 3893 1876 3946 certo
1922 3904 2053 3946 non
2101 3883 2289 3968 parvi
2335 3883 2662 3947 momenti.
2709 3882 3015 3950 Ceterum
3063 3882 3296 3948 similis
3328 3897 3437 3950 est

864 3991 1146 4079 epigyne
1191 4001 1383 4076 atque
1429 3989 1500 4052 in
1547 3989 1627 4053 A.
1668 3996 1922 4074 pastore
1969 3989 2206 4077 typico,
2267 3988 2565 4054 Lamella
2625 3988 2903 4054 fundum
2960 3989 3189 4055 foveae
3236 4012 3433 4056 occu-

866 4118 1026 4184 pans
1073 4118 1300 4183 parum
1347 4106 1460 4160 aut
1513 4095 1594 4183 Ιχ,
1641 4095 1833 4161 latior
1876 4097 1947 4160 in
1993 4107 2176 4183 parte
2230 4095 2547 4161 latissima
2610 4119 2802 4183 quam
2867 4096 3065 4183 longa
3124 4098 3195 4161 in
3254 4096 3437 4164 linea.

864 4204 1182 4294 mediana,
1243 4202 1557 4268 lateribus
1604 4203 1796 4268 modo
1844 4202 1981 4268 fere
2027 4203 2223 4268 rectis
2271 4203 2461 4268 modo
2515 4203 2855 4269 evidenter
2900 4204 3074 4270 foras
3120 4206 3435 4291 curvatis,

864 4332 1031 4398 pone
1075 4332 1308 4405 parum
1355 4320 1468 4375 aut
1519 4311 1598 4398 11,
1647 4310 1839 4376 latior
1884 4333 2080 4398 quam
2128 4321 2292 4375 ante.
2341 4310 2808 4397 Exemplorum
2855 4322 3134 4398 quatuor
3176 4311 3435 4377 dimen-

868 4439 1114 4482 sorum:

1186 4522 1449 4588 lamella
1697 4526 1863 4608 046,
1957 4525 2123 4608 032,
2215 4525 2383 4602 040,
2519 4525 2669 4590 040
2760 4523 2974 4612 longa,

1189 4642 1339 4695 ante
1692 4632 1859 4716 040,
1951 4632 2118 4717 034,
2209 4632 2380 4719 040,
2514 4633 2667 4697 044
2730 4631 2904 4718 «lata,

1186 4761 1353 4825 pone
1694 4738 1859 4821 053,
1953 4739 2121 4822 040,
2211 4740 2380 4823 044,
2517 4740 2668 4803 042
2760 4740 2906 4825 lata,
