3850 5867
2821 493 2954 556 469

527 705 714 769 Mas.
762 704 929 790 (ffig.
978 706 1112 789 42).

523 812 741 877 Etiam
783 812 854 876 in
899 811 1025 877 bac
1069 811 1286 898 specie
1333 810 1596 876 dorsum
1643 812 1849 898 partis
1893 810 2230 902 patellaris
2275 812 2616 898 palporum
2662 821 2955 877 retusum

390 931 492 986 est
535 919 604 982 in
649 930 830 1006 parte
875 919 1092 984 antica
1138 919 1475 1004 exteriore,
1536 917 1819 984 similem
1863 919 1933 982 in
1982 917 2245 982 modum
2302 917 2422 983 sed
2480 920 2701 983 minus
2760 941 2956 1004 quam

391 1029 461 1090 in
507 1027 886 1091 Amaurobio
953 1027 1335 1112 Gasperinii.
1400 1026 1640 1093 Carina
1700 1024 1984 1091 laminae
2040 1025 2303 1091 tal-salis
2376 1027 2558 1116 apice
2606 1026 2813 1113 spatio
2862 1037 2958 1089 sat

391 1156 596 1221 parvo
641 1156 680 1198 a
725 1134 1023 1217 margine
1083 1132 1369 1196 laminae
1418 1145 1677 1198 remota.
1743 1131 2061 1199 Carinula
2108 1135 2465 1198 stemmatis
2510 1155 2678 1220 pone
2724 1135 2793 1197 in
2842 1154 2954 1198 an-

395 1241 623 1326 gulum
671 1237 950 1305 liberum
999 1261 1127 1304 non
1175 1239 1492 1326 producta

525 1347 879 1413 Oculorum
928 1346 1255 1413 diametri:
1320 1356 1447 1410 ant.
1495 1345 1661 1412 med.
1707 1347 1878 1431 0-18,
1943 1357 2069 1411 ant.
2116 1345 2225 1411 lat.
2271 1348 2424 1413 024
2471 1358 2532 1410 et
2578 1348 2749 1431 018,
2798 1358 2955 1433 post.

393 1454 562 1519 med.
605 1454 776 1520 0·18.
836 1464 997 1542 post.
1058 1451 1167 1517 lat.
1209 1454 1360 1519 021
1428 1465 1491 1518 et
1551 1455 1719 1534 0-18,
1782 1451 2126 1518 intervalla
2188 1452 2550 1518 oculorum:
2613 1467 2739 1518 ant.
2788 1453 2957 1519 med.

389 1563 560 1642 014„
605 1574 736 1626 ant.
782 1559 892 1625 lat.
939 1561 1108 1646 0⁶14,
1155 1573 1315 1647 post.
1364 1559 1530 1624 med.
1571 1561 1746 1644 023,
1794 1571 1955 1648 post.
2000 1560 2110 1625 lat.
2157 1561 2308 1626 &35
2340 1583 2473 1623 mm
2522 1559 2732 1645 longa.
2780 1561 2954 1624 Area

397 1668 732 1733 oculorum
777 1666 1137 1732 mediorum
1187 1678 1336 1732 ante
1381 1668 1551 1752 0‘47,
1593 1689 1762 1756 pone
1805 1669 1955 1733 ob?
2004 1665 2154 1752 lata,
2198 1668 2349 1733 055
2392 1666 2606 1753 longa.
2664 1666 2957 1756 Clypeus

403 1778 519 1841 sub
566 1773 755 1840 oculo
800 1774 1014 1840 medio
1057 1775 1210 1840 0·32
1257 1773 1443 1838 altus.

529 1881 833 1948 Ceterum
879 1881 1266 1968 inspiciatur
1312 1881 1663 1968 descriptio
1707 1882 1776 1946 in
1832 1881 2169 1967 „Araneae
2221 1882 2638 1967 Hungariae“
2693 1893 2754 1946 et
2802 1904 2953 1947 con-

397 1990 644 2055 feratur
690 2001 840 2054 nota
881 2011 1084 2075 supra
1129 1987 1248 2053 sub
1295 1990 1677 2054 Amaurobio
1705 1991 2026 2076 falciyero
2072 1987 2336 2076 prolata.

531 2096 797 2162 Habitat
841 2095 1002 2161 haec
1050 2098 1301 2181 species
1349 2096 1416 2160 in
1463 2095 1722 2162 Oroatia
1771 2094 2124 2160 Adriatica.

1066 2363 1154 2436 18.
1201 2363 1640 2434 amaus-omns
1685 2363 2045 2434 Karlis'iskll
2096 2387 2155 2428 n.
2201 2385 2294 2451 sp.

532 2524 897 2590 Femina.
943 2523 1114 2608 (Fig.
1163 2523 1247 2608 3).

533 2632 869 2697 Oculorum
927 2631 1129 2695 series
1189 2632 1507 2716 posterior
1569 2629 1847 2716 desuper
1909 2632 2049 2695 visa
2110 2630 2402 2717 paullulo
2462 2653 2787 2722 procurva
2849 2642 2959 2696 aut

390 2749 589 2822 recta,
636 2740 833 2803 series
879 2738 1163 2803 anterior
1196 2738 1450 2803 modice
1495 2760 1816 2824 procurva
1863 2737 2269 2824 marginibus
2317 2738 2758 2828 superioribus
2805 2761 2955 2803 ocu-

393 2846 606 2909 lorum
650 2845 892 2910 lineam
939 2844 1167 2910 leviter
1211 2867 1605 2931 procurvam
1669 2845 2181 2929 designantibus.
2254 2846 2574 2910 Diametri
2621 2844 2955 2910 oculorum

395 2952 696 3037 (duorum
742 2952 1244 3038 exemplorum):
1293 2967 1421 3017 ant.
1453 2952 1618 3016 med.
1666 2954 1861 3018 0495
1908 2953 2127 3037 (018),
2175 2965 2300 3017 ant.
2344 2953 2455 3016 lat.
2502 2953 2652 3016 024
2698 2963 2761 3016 et
2804 2954 2950 3017 021

395 3061 614 3146 (0·225
675 3071 739 3124 et
799 3061 1037 3144 0495),
1101 3072 1258 3147 post.
1320 3059 1489 3124 med.
1551 3062 1698 3124 0-21
1763 3062 2030 3146 (0·195ὄ.
2092 3073 2239 3145 post
2284 3060 2390 3126 lat.
2446 3061 2597 3124 021
2650 3072 2714 3124 et
2758 3061 2955 3125 0195

400 3169 619 3248 (0225
667 3178 730 3232 et
771 3167 1011 3253 oles).
1059 3167 1404 3232 intervalla
1451 3167 1811 3231 oculorum:
1858 3178 1987 3232 ant.
2021 3166 2191 3231 med.
2224 3167 2374 3231 013
2424 3168 2644 3251 (olo),
2692 3177 2818 3232 ant.
2849 3167 2955 3231 lat.

391 3275 587 3339 0145
635 3275 895 3357 (0·145),
939 3283 1100 3360 post.
1131 3273 1300 3338 med.
1345 3275 1541 3339 0185
1574 3275 1836 3359 (0·225),
1881 3286 2042 3360 post.
2073 3273 2182 3336 lat.
2230 3273 2375 3337 031
2412 3273 2629 3358 (0⁴31),
2674 3273 2955 3359 spatium

396 3380 580 3445 oculo
623 3380 877 3445 laterali
923 3383 1137 3445 antico
1184 3391 1246 3445 et
1289 3382 1537 3467 postico
1584 3381 1997 3444 interiectum
2036 3381 2195 3445 008
2229 3381 2472 3465 (0095)
2506 3403 2641 3443 mm
2669 3380 2957 3463 longum.

401 3490 568 3551 Area
615 3487 950 3551 oculorum
998 3486 1360 3550 mediorum
1431 3499 1580 3552 ante
1625 3487 1819 3552 0485
1869 3487 2091 3570 (045),
2154 3509 2320 3573 pone
2367 3487 2517 3551 0·60
2564 3486 2764 3568 (0·61)
2810 3486 2956 3570 lata,

393 3595 539 3658 057
591 3594 790 3678 (057)
837 3593 1046 3679 longa.
1093 3591 1380 3682 Clypeus
1427 3592 1546 3658 sub
1594 3592 1783 3658 oculo
1834 3593 2051 3658 medio
2096 3593 2247 3657 0232
2290 3593 2494 3678 (032)
2542 3593 2728 3657 altus,
2775 3593 2957 3658 Man·

393 3702 639 3766 dibulae
684 3699 765 3764 ad
815 3700 1072 3764 sulcum
1118 3700 1617 3785 unguicularem
1680 3715 1829 3765 ante
1891 3713 1957 3765 et
2018 3723 2182 3787 pone
2231 3699 2534 3765 dentibus
2581 3698 2808 3778 tribuS,
2854 3721 2957 3763 ra-

397 3808 652 3870 rissime
698 3818 973 3894 quatuor
1004 3817 1115 3872 aut
1147 3806 1419 3891 duobus,
1469 3808 1839 3872 instructae.
1888 3808 2127 3872 Pedum
2159 3819 2489 3872 armatura
2522 3816 2590 3870 ut
2621 3806 2690 3871 in
2723 3811 2953 3871 Aman-

399 3915 589 3978 robiis
634 3914 780 3978 aliis
824 3914 1041 4000 paullo
1091 3914 1447 3997 mutabilis3
1517 3914 1767 3979 femora
1811 3915 1846 3979 I
1894 3926 1959 3978 et
2004 3915 2074 3979 II
2121 3937 2317 4000 supra
2361 3914 2607 3979 aculeis
2642 3916 2762 3992 1.1,
2808 3926 2957 3979 ante

395 4021 478 4085 ad
541 4022 795 4108 apicem
844 4023 901 4104 1,
964 4043 1109 4086 raro
1153 4023 1216 4105 2,
1279 4022 1386 4086 ΙΙΙ
1448 4044 1646 4109 supra
1697 4025 1813 4108 1.1,
1876 4033 2027 4087 ante
2081 4024 2197 4106 1.1,
2259 4044 2407 4085 raro
2459 4024 2640 4105 1.1.1,
2703 4043 2867 4107 pone
2919 4024 2950 4085 1

393 4142 507 4193 aut
551 4130 614 4212 0,
683 4128 782 4192 IV
844 4150 1037 4215 supra
1086 4130 1205 4213 1.1,
1253 4128 1335 4193 ad
1382 4130 1634 4216 apicem
1679 4151 1846 4216 pone
1899 4133 1931 4193 1
1985 4141 2095 4193 aut
2141 4131 2184 4193 Ο
2230 4139 2293 4194 et
2339 4142 2489 4192 ante
2536 4128 2867 4192 rarissime
2916 4129 2950 4191 1

399 4246 676 4319 armata3
705 4234 984 4321 patellae
1011 4237 1368 4299 anteriores
1398 4236 1700 4321 inermes,
1732 4236 1838 4301 III
1870 4237 1938 4299 in
1970 4235 2171 4300 latere
2194 4223 2436 4320 'antic0‚
2482 4235 2583 4300 IV
2614 4236 2683 4297 in
2710 4234 2958 4324 postico

391 4342 621 4406 aculeo
653 4344 687 4406 1
715 4343 1098 4426 instructam
1133 4342 1328 4407 tibiae
1357 4342 1393 4407 1
1427 4342 1645 4408 subter
1678 4343 1922 4407 aculeis
1952 4344 2143 4428 222,
2173 4342 2244 4407 11
2276 4341 2499 4406 subter
2528 4342 2715 4426 222,
2745 4340 2955 4404 rarius

401 4450 562 4513 122
595 4449 951 4527 (rarissime
999 4449 1196 4513 etiam
1237 4450 1309 4512 in
1341 4449 1542 4514 latere
1576 4452 1790 4514 antico
1838 4449 2081 4515 aculeis
2120 4449 2262 4535 1.1),
2308 4449 2412 4514 111
2460 4451 2741 4536 (praeter
2786 4457 2955 4511 setas

396 4556 748 4619 crassiores
781 4554 944 4619 duas
977 4578 1173 4643 supra
1205 4557 1387 4640 sitas)
1431 4556 1652 4622 subter
1682 4557 1925 4622 aculeis
1958 4557 2146 4641 222,
2188 4559 2261 4620 in
2293 4556 2495 4620 latere
2527 4555 2741 4620 antico
2777 4558 2807 4620 1
2844 4565 2958 4619 aut

401 4665 519 4748 1.1,
562 4663 631 4725 in
676 4663 924 4749 postico
969 4665 1093 4748 1.1,
1155 4662 1258 4728 IV
1303 4663 1526 4728 subter
1571 4664 1738 4728 222
1786 4674 1847 4729 et
1893 4664 1965 4727 in
2011 4662 2213 4728 latere
2260 4675 2528 4749 utroque
2583 4664 2705 4743 1.1;
2753 4671 2957 4726 meta-

399 4771 558 4834 tarsi
601 4770 640 4836 1
672 4782 737 4835 et
765 4770 837 4835 H
884 4769 1107 4836 subter
1149 4772 1337 4854 223,
1382 4772 1452 4834 in
1481 4771 1686 4836 latere
1719 4771 1935 4836 antico
1989 4775 2020 4835 1
2072 4781 2182 4835 aut
2222 4772 2287 4856 0,
2334 4770 2457 4854 ΙΙΙ,
2505 4779 2757 4857 praeter
2801 4790 2952 4833 acu-
