<?xml version="1.0" encoding="UTF-8"?>
<!DOCTYPE html PUBLIC "-//W3C//DTD XHTML 1.0 Transitional//EN"
    "http://www.w3.org/TR/xhtml1/DTD/xhtml1-transitional.dtd">
<html xmlns="http://www.w3.org/1999/xhtml" xml:lang="en" lang="en">
 <head>
  <title>
</title>
<meta http-equiv="Content-Type" content="text/html;charset=utf-8" />
  <meta name='ocr-system' content='tesseract 3.04.00' />
  <meta name='ocr-capabilities' content='ocr_page ocr_carea ocr_par ocr_line ocrx_word'/>
</head>
<body>
  <div class='ocr_page' id='page_1' title='image "./bulletininterna03przgoog_0462.png"; bbox 0 0 3850 5867; ppageno 0'>
   <div class='ocr_carea' id='block_1_1' title="bbox 882 455 1015 519">
    <p class='ocr_par' dir='ltr' id='par_1_1' title="bbox 882 455 1015 519">
     <span class='ocr_line' id='line_1_1' title="bbox 882 455 1015 519; baseline 0 0"><span class='ocrx_word' id='word_1_1' title='bbox 882 455 1015 519; x_wconf 80' lang='lat'><strong>424</strong></span> 
     </span>
    </p>
   </div>
   <div class='ocr_carea' id='block_1_2' title="bbox 1027 660 3438 860">
    <p class='ocr_par' dir='ltr' id='par_1_2' title="bbox 1027 660 3438 860">
     <span class='ocr_line' id='line_1_2' title="bbox 1029 660 3261 750; baseline -0.004 -19"><span class='ocrx_word' id='word_1_2' title='bbox 1029 666 1232 733; x_wconf 86' lang='lat' dir='ltr'><strong>latere</strong></span> <span class='ocrx_word' id='word_1_3' title='bbox 1277 666 1595 731; x_wconf 80' lang='lat' dir='ltr'><strong>exteriore</strong></span> <span class='ocrx_word' id='word_1_4' title='bbox 1644 665 1823 728; x_wconf 85' lang='lat' dir='ltr'><strong>visus</strong></span> <span class='ocrx_word' id='word_1_5' title='bbox 1872 664 2230 749; x_wconf 81' lang='lat' dir='ltr'><strong>marginem</strong></span> <span class='ocrx_word' id='word_1_6' title='bbox 2293 660 2607 750; x_wconf 87' lang='lat' dir='ltr'><strong>apicalem</strong></span> <span class='ocrx_word' id='word_1_7' title='bbox 2670 662 3067 748; x_wconf 86' lang='lat' dir='ltr'><strong>superiorem</strong></span> <span class='ocrx_word' id='word_1_8' title='bbox 3112 681 3261 745; x_wconf 88' lang='lat' dir='ltr'><strong>par-</strong></span> 
     </span>
     <span class='ocr_line' id='line_1_3' title="bbox 1027 766 3438 860; baseline -0.003 -22"><span class='ocrx_word' id='word_1_9' title='bbox 1027 774 1108 838; x_wconf 85' lang='lat' dir='ltr'><strong>tis</strong></span> <span class='ocrx_word' id='word_1_10' title='bbox 1154 772 1479 860; x_wconf 72' lang='lat' dir='ltr'><strong>patellaris</strong></span> <span class='ocrx_word' id='word_1_11' title='bbox 1525 794 1650 835; x_wconf 92' lang='lat' dir='ltr'><strong>non</strong></span> <span class='ocrx_word' id='word_1_12' title='bbox 1699 771 1959 856; x_wconf 87' lang='lat' dir='ltr'><strong>attingit</strong></span> <span class='ocrx_word' id='word_1_13' title='bbox 1964 817 2805 836; x_wconf 92' lang='grc'><strong>.........</strong></span> <span class='ocrx_word' id='word_1_14' title='bbox 2901 769 2957 830; x_wconf 87' lang='grc'><strong>2.</strong></span> <span class='ocrx_word' id='word_1_15' title='bbox 3006 770 3083 832; x_wconf 87' lang='lat' dir='ltr'><strong>A.</strong></span> <span class='ocrx_word' id='word_1_16' title='bbox 3131 766 3438 831; x_wconf 77' lang='lat' dir='ltr'><strong>Leveillei.</strong></span> 
     </span>
    </p>
   </div>
   <div class='ocr_carea' id='block_1_3' title="bbox 1555 1035 2776 1121">
    <p class='ocr_par' dir='ltr' id='par_1_3' title="bbox 1555 1035 2776 1121">
     <span class='ocr_line' id='line_1_4' title="bbox 1555 1035 2776 1121; baseline -0.004 -17"><span class='ocrx_word' id='word_1_17' title='bbox 1555 1040 1591 1105; x_wconf 94' lang='grc' dir='ltr'><strong>Ι.</strong></span> <span class='ocrx_word' id='word_1_18' title='bbox 1638 1037 2077 1108; x_wconf 70' lang='lat' dir='ltr'><strong>Amant-obius</strong></span> <span class='ocrx_word' id='word_1_19' title='bbox 2125 1036 2378 1108; x_wconf 77' lang='lat' dir='ltr'><strong>obesus</strong></span> <span class='ocrx_word' id='word_1_20' title='bbox 2429 1036 2526 1118; x_wconf 87' lang='lat' dir='ltr'><strong>(E.</strong></span> <span class='ocrx_word' id='word_1_21' title='bbox 2577 1035 2776 1121; x_wconf 73' lang='lat' dir='ltr'><strong>Sim).</strong></span> 
     </span>
    </p>
   </div>
   <div class='ocr_carea' id='block_1_4' title="bbox 879 1194 3442 4817">
    <p class='ocr_par' dir='ltr' id='par_1_4' title="bbox 881 1194 3151 1263">
     <span class='ocr_line' id='line_1_5' title="bbox 881 1194 3151 1263; baseline -0.003 -11"><span class='ocrx_word' id='word_1_22' title='bbox 881 1199 1034 1254; x_wconf 82' lang='lat'>1875.</span> <span class='ocrx_word' id='word_1_23' title='bbox 1081 1199 1317 1251; x_wconf 67' lang='lat' dir='ltr'><strong>Coelotes</strong></span> <span class='ocrx_word' id='word_1_24' title='bbox 1355 1200 1543 1251; x_wconf 70' lang='lat' dir='ltr'><strong>obesus</strong></span> <span class='ocrx_word' id='word_1_25' title='bbox 1582 1202 1641 1250; x_wconf 85' lang='grc' dir='ltr'><strong>Ε.</strong></span> <span class='ocrx_word' id='word_1_26' title='bbox 1683 1202 1880 1262; x_wconf 82' lang='lat' dir='ltr'><strong>Simon,</strong></span> <span class='ocrx_word' id='word_1_27' title='bbox 1923 1201 2025 1250; x_wconf 86' lang='lat' dir='ltr'><strong>Les</strong></span> <span class='ocrx_word' id='word_1_28' title='bbox 2059 1200 2392 1251; x_wconf 79' lang='lat' dir='ltr'><strong>Arachnides</strong></span> <span class='ocrx_word' id='word_1_29' title='bbox 2430 1199 2496 1249; x_wconf 85' lang='lat' dir='ltr'><strong>de</strong></span> <span class='ocrx_word' id='word_1_30' title='bbox 2534 1200 2760 1263; x_wconf 79' lang='lat' dir='ltr'><strong>Franco,</strong></span> <span class='ocrx_word' id='word_1_31' title='bbox 2799 1214 2846 1247; x_wconf 79' lang='lat' dir='ltr'><strong>v,</strong></span> <span class='ocrx_word' id='word_1_32' title='bbox 2887 1197 2937 1260; x_wconf 82' lang='lat'><strong>2,</strong></span> <span class='ocrx_word' id='word_1_33' title='bbox 2978 1213 3025 1262; x_wconf 86' lang='lat' dir='ltr'><strong>p.</strong></span> <span class='ocrx_word' id='word_1_34' title='bbox 3065 1194 3151 1248; x_wconf 74' lang='lat'><strong>44.</strong></span> 
     </span>
    </p>

    <p class='ocr_par' dir='ltr' id='par_1_5' title="bbox 1017 1306 1987 1398">
     <span class='ocr_line' id='line_1_6' title="bbox 1017 1306 1987 1398; baseline -0.003 -26"><span class='ocrx_word' id='word_1_35' title='bbox 1017 1307 1382 1372; x_wconf 81' lang='lat' dir='ltr'><strong>Femina.</strong></span> <span class='ocrx_word' id='word_1_36' title='bbox 1428 1307 1598 1398; x_wconf 83' lang='lat' dir='ltr'><strong>(Fig.</strong></span> <span class='ocrx_word' id='word_1_37' title='bbox 1650 1306 1730 1391; x_wconf 90' lang='lat'><strong>1).</strong></span> <span class='ocrx_word' id='word_1_38' title='bbox 1976 1391 1987 1398; x_wconf 16' lang='grc' dir='ltr'>ἡ</span> 
     </span>
    </p>

    <p class='ocr_par' dir='ltr' id='par_1_6' title="bbox 879 1409 3442 4817">
     <span class='ocr_line' id='line_1_7' title="bbox 1013 1409 3438 1502; baseline -0.002 -24"><span class='ocrx_word' id='word_1_39' title='bbox 1013 1414 1316 1502; x_wconf 77' lang='lat' dir='ltr'><strong>Epigyne</strong></span> <span class='ocrx_word' id='word_1_40' title='bbox 1365 1413 1557 1478; x_wconf 74' lang='lat' dir='ltr'><strong>fovea</strong></span> <span class='ocrx_word' id='word_1_41' title='bbox 1601 1424 1867 1477; x_wconf 87' lang='lat' dir='ltr'><strong>ornatur</strong></span> <span class='ocrx_word' id='word_1_42' title='bbox 1931 1415 2169 1497; x_wconf 69' lang='lat' dir='ltr'><strong>magna</strong></span> <span class='ocrx_word' id='word_1_43' title='bbox 2214 1423 2277 1477; x_wconf 90' lang='lat' dir='ltr'><strong>et</strong></span> <span class='ocrx_word' id='word_1_44' title='bbox 2324 1411 2512 1475; x_wconf 89' lang='lat' dir='ltr'><strong>valde</strong></span> <span class='ocrx_word' id='word_1_45' title='bbox 2563 1410 2900 1496; x_wconf 67' lang='lat' dir='ltr'><strong>profunda,</strong></span> <span class='ocrx_word' id='word_1_46' title='bbox 2966 1432 3128 1495; x_wconf 89' lang='lat' dir='ltr'><strong>pone</strong></span> <span class='ocrx_word' id='word_1_47' title='bbox 3174 1409 3438 1479; x_wconf 90' lang='lat' dir='ltr'><strong>omnino</strong></span> 
     </span>
     <span class='ocr_line' id='line_1_8' title="bbox 879 1516 3436 1608; baseline -0.002 -23"><span class='ocrx_word' id='word_1_48' title='bbox 879 1523 1101 1606; x_wconf 66' lang='lat' dir='ltr'><strong>aperta</strong></span> <span class='ocrx_word' id='word_1_49' title='bbox 1145 1532 1208 1585; x_wconf 91' lang='lat' dir='ltr'><strong>et</strong></span> <span class='ocrx_word' id='word_1_50' title='bbox 1255 1521 1618 1606; x_wconf 81' lang='lat' dir='ltr'><strong>marginem</strong></span> <span class='ocrx_word' id='word_1_51' title='bbox 1663 1521 1985 1606; x_wconf 87' lang='lat' dir='ltr'><strong>posticum</strong></span> <span class='ocrx_word' id='word_1_52' title='bbox 2035 1521 2358 1608; x_wconf 88' lang='lat' dir='ltr'><strong>epigynae</strong></span> <span class='ocrx_word' id='word_1_53' title='bbox 2402 1519 2596 1604; x_wconf 89' lang='lat' dir='ltr'><strong>longe</strong></span> <span class='ocrx_word' id='word_1_54' title='bbox 2643 1540 2772 1582; x_wconf 91' lang='lat' dir='ltr'><strong>non</strong></span> <span class='ocrx_word' id='word_1_55' title='bbox 2804 1518 3162 1603; x_wconf 80' lang='lat' dir='ltr'><strong>attingenti.</strong></span> <span class='ocrx_word' id='word_1_56' title='bbox 3212 1516 3436 1601; x_wconf 87' lang='lat' dir='ltr'><strong>Margo</strong></span> 
     </span>
     <span class='ocr_line' id='line_1_9' title="bbox 881 1624 3436 1711; baseline -0.002 -19"><span class='ocrx_word' id='word_1_57' title='bbox 881 1628 1133 1693; x_wconf 88' lang='lat' dir='ltr'><strong>anticus</strong></span> <span class='ocrx_word' id='word_1_58' title='bbox 1181 1628 1409 1693; x_wconf 86' lang='lat' dir='ltr'><strong>foveae</strong></span> <span class='ocrx_word' id='word_1_59' title='bbox 1457 1649 1746 1710; x_wconf 83' lang='lat' dir='ltr'><strong>corneus,</strong></span> <span class='ocrx_word' id='word_1_60' title='bbox 1792 1626 2287 1711; x_wconf 79' lang='lat' dir='ltr'><strong>lamelliformis,</strong></span> <span class='ocrx_word' id='word_1_61' title='bbox 2333 1627 2633 1691; x_wconf 86' lang='lat'>0·8—0·9</span> <span class='ocrx_word' id='word_1_62' title='bbox 2666 1648 2800 1689; x_wconf 92' lang='lat' dir='ltr'><strong>mm</strong></span> <span class='ocrx_word' id='word_1_63' title='bbox 2847 1625 3099 1711; x_wconf 79' lang='lat' dir='ltr'><strong>longus,</strong></span> <span class='ocrx_word' id='word_1_64' title='bbox 3145 1624 3210 1688; x_wconf 91' lang='lat' dir='ltr'><strong>in</strong></span> <span class='ocrx_word' id='word_1_65' title='bbox 3247 1644 3436 1688; x_wconf 86' lang='lat' dir='ltr'><strong>arcus</strong></span> 
     </span>
     <span class='ocr_line' id='line_1_10' title="bbox 882 1732 3437 1819; baseline 0 -23"><span class='ocrx_word' id='word_1_66' title='bbox 882 1734 1125 1800; x_wconf 76' lang='lat' dir='ltr'><strong>fractus</strong></span> <span class='ocrx_word' id='word_1_67' title='bbox 1173 1734 1331 1798; x_wconf 88' lang='lat' dir='ltr'><strong>duos</strong></span> <span class='ocrx_word' id='word_1_68' title='bbox 1379 1747 1750 1799; x_wconf 86' lang='lat' dir='ltr'><strong>transverse</strong></span> <span class='ocrx_word' id='word_1_69' title='bbox 1799 1736 2051 1819; x_wconf 80' lang='lat' dir='ltr'><strong>positos⁷</strong></span> <span class='ocrx_word' id='word_1_70' title='bbox 2112 1734 2346 1798; x_wconf 86' lang='lat' dir='ltr'><strong>leviter</strong></span> <span class='ocrx_word' id='word_1_71' title='bbox 2393 1745 2786 1816; x_wconf 82' lang='lat' dir='ltr'><strong>recurvatos,</strong></span> <span class='ocrx_word' id='word_1_72' title='bbox 2831 1733 2899 1796; x_wconf 90' lang='lat' dir='ltr'><strong>in</strong></span> <span class='ocrx_word' id='word_1_73' title='bbox 2949 1732 3163 1796; x_wconf 90' lang='lat' dir='ltr'><strong>medio</strong></span> <span class='ocrx_word' id='word_1_74' title='bbox 3208 1732 3277 1794; x_wconf 91' lang='lat' dir='ltr'><strong>in</strong></span> <span class='ocrx_word' id='word_1_75' title='bbox 3323 1751 3437 1796; x_wconf 65' lang='lat' dir='ltr'><strong>an,-</strong></span> 
     </span>
     <span class='ocr_line' id='line_1_11' title="bbox 879 1836 3441 1927; baseline -0.002 -22"><span class='ocrx_word' id='word_1_76' title='bbox 879 1841 1107 1927; x_wconf 89' lang='lat' dir='ltr'><strong>gulum</strong></span> <span class='ocrx_word' id='word_1_77' title='bbox 1165 1842 1367 1906; x_wconf 86' lang='lat' dir='ltr'><strong>latum</strong></span> <span class='ocrx_word' id='word_1_78' title='bbox 1431 1842 1832 1923; x_wconf 84' lang='lat' dir='ltr'><strong>coniunctos3</strong></span> <span class='ocrx_word' id='word_1_79' title='bbox 1893 1842 1962 1905; x_wconf 88' lang='lat' dir='ltr'><strong>in</strong></span> <span class='ocrx_word' id='word_1_80' title='bbox 2023 1841 2224 1905; x_wconf 88' lang='lat' dir='ltr'><strong>latere</strong></span> <span class='ocrx_word' id='word_1_81' title='bbox 2284 1851 2552 1927; x_wconf 85' lang='lat' dir='ltr'><strong>utroque</strong></span> <span class='ocrx_word' id='word_1_82' title='bbox 2615 1840 2806 1904; x_wconf 88' lang='lat' dir='ltr'><strong>fovea</strong></span> <span class='ocrx_word' id='word_1_83' title='bbox 2863 1838 3090 1904; x_wconf 88' lang='lat' dir='ltr'><strong>tubere</strong></span> <span class='ocrx_word' id='word_1_84' title='bbox 3138 1836 3441 1902; x_wconf 83' lang='lat' dir='ltr'><strong>definitur</strong></span> 
     </span>
     <span class='ocr_line' id='line_1_12' title="bbox 880 1945 3438 2035; baseline -0.002 -22"><span class='ocrx_word' id='word_1_85' title='bbox 880 1949 1117 2033; x_wconf 87' lang='lat' dir='ltr'><strong>albido,</strong></span> <span class='ocrx_word' id='word_1_86' title='bbox 1178 1948 1470 2013; x_wconf 89' lang='lat' dir='ltr'><strong>molliore</strong></span> <span class='ocrx_word' id='word_1_87' title='bbox 1531 1961 1595 2013; x_wconf 89' lang='lat' dir='ltr'><strong>et</strong></span> <span class='ocrx_word' id='word_1_88' title='bbox 1657 1949 1870 2035; x_wconf 87' lang='lat' dir='ltr'><strong>paullo</strong></span> <span class='ocrx_word' id='word_1_89' title='bbox 1935 1948 2248 2034; x_wconf 84' lang='lat' dir='ltr'><strong>mutabili,</strong></span> <span class='ocrx_word' id='word_1_90' title='bbox 2309 1971 2507 2034; x_wconf 89' lang='lat' dir='ltr'><strong>quum</strong></span> <span class='ocrx_word' id='word_1_91' title='bbox 2554 1948 2634 2013; x_wconf 89' lang='lat' dir='ltr'><strong>ab</strong></span> <span class='ocrx_word' id='word_1_92' title='bbox 2683 1948 2814 2011; x_wconf 91' lang='lat' dir='ltr'><strong>imo</strong></span> <span class='ocrx_word' id='word_1_93' title='bbox 2860 1946 3241 2033; x_wconf 80' lang='lat' dir='ltr'><strong>adspicitur:</strong></span> <span class='ocrx_word' id='word_1_94' title='bbox 3305 1945 3438 2030; x_wconf 84' lang='lat' dir='ltr'><strong>ple-</strong></span> 
     </span>
     <span class='ocr_line' id='line_1_13' title="bbox 879 2052 3436 2143; baseline -0.002 -23"><span class='ocrx_word' id='word_1_95' title='bbox 879 2079 1155 2143; x_wconf 91' lang='lat' dir='ltr'><strong>rumque</strong></span> <span class='ocrx_word' id='word_1_96' title='bbox 1200 2056 1602 2142; x_wconf 81' lang='lat' dir='ltr'><strong>triangulari,</strong></span> <span class='ocrx_word' id='word_1_97' title='bbox 1662 2055 1900 2141; x_wconf 88' lang='lat' dir='ltr'><strong>angulo</strong></span> <span class='ocrx_word' id='word_1_98' title='bbox 1950 2057 2191 2142; x_wconf 87' lang='lat' dir='ltr'><strong>postico</strong></span> <span class='ocrx_word' id='word_1_99' title='bbox 2252 2056 2557 2120; x_wconf 88' lang='lat' dir='ltr'><strong>interiore</strong></span> <span class='ocrx_word' id='word_1_100' title='bbox 2603 2065 2796 2134; x_wconf 52' lang='lat' dir='ltr'><strong>recto,</strong></span> <span class='ocrx_word' id='word_1_101' title='bbox 2858 2065 2929 2118; x_wconf 86' lang='lat' dir='ltr'><strong>ut</strong></span> <span class='ocrx_word' id='word_1_102' title='bbox 2975 2053 3207 2139; x_wconf 89' lang='lat' dir='ltr'><strong>reliqui</strong></span> <span class='ocrx_word' id='word_1_103' title='bbox 3252 2052 3436 2139; x_wconf 87' lang='lat' dir='ltr'><strong>apice</strong></span> 
     </span>
     <span class='ocr_line' id='line_1_14' title="bbox 879 2160 3438 2250; baseline -0.002 -23"><span class='ocrx_word' id='word_1_104' title='bbox 879 2163 1238 2246; x_wconf 72' lang='lat' dir='ltr'><strong>rotundam,</strong></span> <span class='ocrx_word' id='word_1_105' title='bbox 1299 2164 1500 2228; x_wconf 89' lang='lat' dir='ltr'><strong>latere</strong></span> <span class='ocrx_word' id='word_1_106' title='bbox 1545 2164 1870 2246; x_wconf 74' lang='lat' dir='ltr'><strong>interiore,</strong></span> <span class='ocrx_word' id='word_1_107' title='bbox 1933 2162 2103 2250; x_wconf 90' lang='lat' dir='ltr'><strong>quod</strong></span> <span class='ocrx_word' id='word_1_108' title='bbox 2166 2164 2235 2227; x_wconf 90' lang='lat' dir='ltr'><strong>iu</strong></span> <span class='ocrx_word' id='word_1_109' title='bbox 2281 2162 2755 2248; x_wconf 87' lang='lat' dir='ltr'><strong>longitudinem</strong></span> <span class='ocrx_word' id='word_1_110' title='bbox 2823 2160 2958 2226; x_wconf 89' lang='lat' dir='ltr'><strong>fere</strong></span> <span class='ocrx_word' id='word_1_111' title='bbox 3007 2160 3329 2225; x_wconf 85' lang='lat' dir='ltr'><strong>directum</strong></span> <span class='ocrx_word' id='word_1_112' title='bbox 3375 2170 3438 2222; x_wconf 88' lang='lat' dir='ltr'><strong>et</strong></span> 
     </span>
     <span class='ocr_line' id='line_1_15' title="bbox 883 2267 3438 2357; baseline -0.002 -23"><span class='ocrx_word' id='word_1_113' title='bbox 883 2270 1055 2334; x_wconf 87' lang='lat' dir='ltr'><strong>foras</strong></span> <span class='ocrx_word' id='word_1_114' title='bbox 1101 2272 1247 2357; x_wconf 89' lang='lat' dir='ltr'><strong>plus</strong></span> <span class='ocrx_word' id='word_1_115' title='bbox 1294 2272 1594 2335; x_wconf 86' lang='lat' dir='ltr'><strong>minusve</strong></span> <span class='ocrx_word' id='word_1_116' title='bbox 1642 2281 1985 2336; x_wconf 81' lang='lat' dir='ltr'><strong>curvatum</strong></span> <span class='ocrx_word' id='word_1_117' title='bbox 2019 2284 2133 2356; x_wconf 81' lang='lat' dir='ltr'><strong>est,</strong></span> <span class='ocrx_word' id='word_1_118' title='bbox 2178 2282 2241 2334; x_wconf 92' lang='lat' dir='ltr'><strong>et</strong></span> <span class='ocrx_word' id='word_1_119' title='bbox 2272 2270 2471 2334; x_wconf 88' lang='lat' dir='ltr'><strong>latere</strong></span> <span class='ocrx_word' id='word_1_120' title='bbox 2504 2270 2764 2355; x_wconf 69' lang='lat' dir='ltr'><strong>posticc),</strong></span> <span class='ocrx_word' id='word_1_121' title='bbox 2813 2280 3184 2334; x_wconf 82' lang='lat' dir='ltr'><strong>transverse</strong></span> <span class='ocrx_word' id='word_1_122' title='bbox 3216 2267 3438 2353; x_wconf 78' lang='lat' dir='ltr'><strong>posite,</strong></span> 
     </span>
     <span class='ocr_line' id='line_1_16' title="bbox 880 2376 3437 2464; baseline -0.002 -22"><span class='ocrx_word' id='word_1_123' title='bbox 880 2401 1081 2464; x_wconf 87' lang='lat' dir='ltr'><strong>aeque</strong></span> <span class='ocrx_word' id='word_1_124' title='bbox 1127 2379 1388 2444; x_wconf 79' lang='lat' dir='ltr'><strong>circiter</strong></span> <span class='ocrx_word' id='word_1_125' title='bbox 1431 2378 1660 2463; x_wconf 79' lang='lat' dir='ltr'><strong>longiS.</strong></span> <span class='ocrx_word' id='word_1_126' title='bbox 1708 2377 1926 2443; x_wconf 89' lang='lat' dir='ltr'><strong>Tuber</strong></span> <span class='ocrx_word' id='word_1_127' title='bbox 1973 2377 2097 2443; x_wconf 90' lang='lat' dir='ltr'><strong>hoc</strong></span> <span class='ocrx_word' id='word_1_128' title='bbox 2142 2390 2291 2442; x_wconf 87' lang='lat' dir='ltr'><strong>ante</strong></span> <span class='ocrx_word' id='word_1_129' title='bbox 2338 2399 2540 2464; x_wconf 90' lang='lat' dir='ltr'><strong>aeque</strong></span> <span class='ocrx_word' id='word_1_130' title='bbox 2585 2376 2790 2441; x_wconf 87' lang='lat' dir='ltr'><strong>altum</strong></span> <span class='ocrx_word' id='word_1_131' title='bbox 2836 2387 2932 2441; x_wconf 86' lang='lat' dir='ltr'><strong>est</strong></span> <span class='ocrx_word' id='word_1_132' title='bbox 2978 2386 3166 2461; x_wconf 88' lang='lat' dir='ltr'><strong>atque</strong></span> <span class='ocrx_word' id='word_1_133' title='bbox 3214 2395 3437 2459; x_wconf 90' lang='lat' dir='ltr'><strong>margo</strong></span> 
     </span>
     <span class='ocr_line' id='line_1_17' title="bbox 880 2480 3436 2570; baseline -0.002 -21"><span class='ocrx_word' id='word_1_134' title='bbox 880 2485 1135 2549; x_wconf 84' lang='lat' dir='ltr'><strong>anticus</strong></span> <span class='ocrx_word' id='word_1_135' title='bbox 1183 2484 1410 2549; x_wconf 84' lang='lat' dir='ltr'><strong>foveae</strong></span> <span class='ocrx_word' id='word_1_136' title='bbox 1456 2498 1520 2548; x_wconf 88' lang='lat' dir='ltr'><strong>ct</strong></span> <span class='ocrx_word' id='word_1_137' title='bbox 1566 2508 1716 2550; x_wconf 90' lang='lat' dir='ltr'><strong>cum</strong></span> <span class='ocrx_word' id='word_1_138' title='bbox 1764 2506 1839 2549; x_wconf 93' lang='lat' dir='ltr'><strong>eo</strong></span> <span class='ocrx_word' id='word_1_139' title='bbox 1871 2485 2307 2550; x_wconf 90' lang='lat' dir='ltr'><strong>coniunctum.</strong></span> <span class='ocrx_word' id='word_1_140' title='bbox 2357 2486 2710 2570; x_wconf 82' lang='lat' dir='ltr'><strong>posteriora</strong></span> <span class='ocrx_word' id='word_1_141' title='bbox 2757 2505 2985 2549; x_wconf 88' lang='lat' dir='ltr'><strong>versus</strong></span> <span class='ocrx_word' id='word_1_142' title='bbox 3033 2483 3273 2546; x_wconf 88' lang='lat' dir='ltr'><strong>sensim</strong></span> <span class='ocrx_word' id='word_1_143' title='bbox 3319 2480 3436 2545; x_wconf 89' lang='lat' dir='ltr'><strong>hu-</strong></span> 
     </span>
     <span class='ocr_line' id='line_1_18' title="bbox 882 2586 3439 2679; baseline -0.002 -22"><span class='ocrx_word' id='word_1_144' title='bbox 882 2593 1100 2657; x_wconf 89' lang='lat' dir='ltr'><strong>milius</strong></span> <span class='ocrx_word' id='word_1_145' title='bbox 1145 2592 1217 2656; x_wconf 82' lang='lat' dir='ltr'><strong>fit</strong></span> <span class='ocrx_word' id='word_1_146' title='bbox 1263 2615 1462 2679; x_wconf 89' lang='lat' dir='ltr'><strong>usque</strong></span> <span class='ocrx_word' id='word_1_147' title='bbox 1507 2592 1592 2657; x_wconf 88' lang='lat' dir='ltr'><strong>ad</strong></span> <span class='ocrx_word' id='word_1_148' title='bbox 1637 2592 1885 2657; x_wconf 89' lang='lat' dir='ltr'><strong>tuberis</strong></span> <span class='ocrx_word' id='word_1_149' title='bbox 1932 2593 2098 2656; x_wconf 86' lang='lat' dir='ltr'><strong>latus</strong></span> <span class='ocrx_word' id='word_1_150' title='bbox 2129 2592 2467 2679; x_wconf 87' lang='lat' dir='ltr'><strong>posticum.</strong></span> <span class='ocrx_word' id='word_1_151' title='bbox 2512 2590 2680 2678; x_wconf 92' lang='lat' dir='ltr'><strong>quod</strong></span> <span class='ocrx_word' id='word_1_152' title='bbox 2717 2591 2922 2676; x_wconf 88' lang='lat' dir='ltr'><strong>spatio</strong></span> <span class='ocrx_word' id='word_1_153' title='bbox 2951 2591 3211 2655; x_wconf 88' lang='lat' dir='ltr'><strong>circiter</strong></span> <span class='ocrx_word' id='word_1_154' title='bbox 3242 2586 3439 2674; x_wconf 89' lang='lat' dir='ltr'><strong>duplo</strong></span> 
     </span>
     <span class='ocr_line' id='line_1_19' title="bbox 880 2697 3437 2785; baseline -0.002 -21"><span class='ocrx_word' id='word_1_155' title='bbox 880 2709 992 2764; x_wconf 88' lang='lat' dir='ltr'><strong>aut</strong></span> <span class='ocrx_word' id='word_1_156' title='bbox 1038 2699 1332 2785; x_wconf 88' lang='lat' dir='ltr'><strong>sescuplo</strong></span> <span class='ocrx_word' id='word_1_157' title='bbox 1378 2700 1620 2763; x_wconf 89' lang='lat' dir='ltr'><strong>maiore</strong></span> <span class='ocrx_word' id='word_1_158' title='bbox 1681 2723 1719 2763; x_wconf 90' lang='lat' dir='ltr'><strong>a</strong></span> <span class='ocrx_word' id='word_1_159' title='bbox 1782 2700 2078 2784; x_wconf 86' lang='lat' dir='ltr'><strong>margine</strong></span> <span class='ocrx_word' id='word_1_160' title='bbox 2124 2701 2337 2764; x_wconf 89' lang='lat' dir='ltr'><strong>antico</strong></span> <span class='ocrx_word' id='word_1_161' title='bbox 2388 2698 2614 2763; x_wconf 86' lang='lat' dir='ltr'><strong>foveae</strong></span> <span class='ocrx_word' id='word_1_162' title='bbox 2662 2721 2857 2784; x_wconf 88' lang='lat' dir='ltr'><strong>quam</strong></span> <span class='ocrx_word' id='word_1_163' title='bbox 2902 2721 2941 2762; x_wconf 90' lang='lat' dir='ltr'><strong>a</strong></span> <span class='ocrx_word' id='word_1_164' title='bbox 2988 2697 3281 2781; x_wconf 88' lang='lat' dir='ltr'><strong>margine</strong></span> <span class='ocrx_word' id='word_1_165' title='bbox 3328 2716 3437 2781; x_wconf 90' lang='lat' dir='ltr'><strong>po·</strong></span> 
     </span>
     <span class='ocr_line' id='line_1_20' title="bbox 882 2803 3438 2894; baseline -0.002 -24"><span class='ocrx_word' id='word_1_166' title='bbox 882 2807 1042 2872; x_wconf 89' lang='lat' dir='ltr'><strong>stico</strong></span> <span class='ocrx_word' id='word_1_167' title='bbox 1089 2807 1411 2894; x_wconf 87' lang='lat' dir='ltr'><strong>epigynae</strong></span> <span class='ocrx_word' id='word_1_168' title='bbox 1458 2807 1675 2887; x_wconf 78' lang='lat' dir='ltr'><strong>distat3</strong></span> <span class='ocrx_word' id='word_1_169' title='bbox 1725 2805 1896 2870; x_wconf 86' lang='lat' dir='ltr'><strong>foras</strong></span> <span class='ocrx_word' id='word_1_170' title='bbox 1942 2807 2134 2871; x_wconf 89' lang='lat' dir='ltr'><strong>tuber</strong></span> <span class='ocrx_word' id='word_1_171' title='bbox 2179 2807 2370 2872; x_wconf 89' lang='lat' dir='ltr'><strong>citius</strong></span> <span class='ocrx_word' id='word_1_172' title='bbox 2415 2805 2724 2870; x_wconf 90' lang='lat' dir='ltr'><strong>humilius</strong></span> <span class='ocrx_word' id='word_1_173' title='bbox 2770 2805 2843 2869; x_wconf 82' lang='lat' dir='ltr'><strong>fit</strong></span> <span class='ocrx_word' id='word_1_174' title='bbox 2872 2827 3064 2891; x_wconf 89' lang='lat' dir='ltr'><strong>quam</strong></span> <span class='ocrx_word' id='word_1_175' title='bbox 3113 2815 3301 2887; x_wconf 83' lang='lat' dir='ltr'><strong>retr0‚</strong></span> <span class='ocrx_word' id='word_1_176' title='bbox 3331 2803 3438 2886; x_wconf 74' lang='lat' dir='ltr'><strong>ita,</strong></span> 
     </span>
     <span class='ocr_line' id='line_1_21' title="bbox 881 2911 3440 2999; baseline -0.002 -22"><span class='ocrx_word' id='word_1_177' title='bbox 881 2922 953 2977; x_wconf 84' lang='lat' dir='ltr'><strong>ut</strong></span> <span class='ocrx_word' id='word_1_178' title='bbox 999 2935 1146 2998; x_wconf 87' lang='lat' dir='ltr'><strong>pars</strong></span> <span class='ocrx_word' id='word_1_179' title='bbox 1193 2936 1309 2977; x_wconf 88' lang='lat' dir='ltr'><strong>sua</strong></span> <span class='ocrx_word' id='word_1_180' title='bbox 1339 2914 1622 2978; x_wconf 86' lang='lat' dir='ltr'><strong>anterior</strong></span> <span class='ocrx_word' id='word_1_181' title='bbox 1653 2913 1906 2978; x_wconf 88' lang='lat' dir='ltr'><strong>modice</strong></span> <span class='ocrx_word' id='word_1_182' title='bbox 1939 2935 2309 2999; x_wconf 90' lang='lat' dir='ltr'><strong>compressa</strong></span> <span class='ocrx_word' id='word_1_183' title='bbox 2340 2912 2591 2978; x_wconf 84' lang='lat' dir='ltr'><strong>evadat.</strong></span> <span class='ocrx_word' id='word_1_184' title='bbox 2637 2911 3005 2977; x_wconf 90' lang='lat' dir='ltr'><strong>Tuberibus</strong></span> <span class='ocrx_word' id='word_1_185' title='bbox 3052 2911 3257 2974; x_wconf 89' lang='lat' dir='ltr'><strong>innati</strong></span> <span class='ocrx_word' id='word_1_186' title='bbox 3291 2920 3440 2973; x_wconf 89' lang='lat' dir='ltr'><strong>sunt</strong></span> 
     </span>
     <span class='ocr_line' id='line_1_22' title="bbox 882 3018 3439 3106; baseline -0.002 -22"><span class='ocrx_word' id='word_1_187' title='bbox 882 3020 966 3084; x_wconf 89' lang='lat' dir='ltr'><strong>ad</strong></span> <span class='ocrx_word' id='word_1_188' title='bbox 1012 3042 1236 3085; x_wconf 89' lang='lat' dir='ltr'><strong>eorum</strong></span> <span class='ocrx_word' id='word_1_189' title='bbox 1283 3021 1646 3106; x_wconf 86' lang='lat' dir='ltr'><strong>marginem</strong></span> <span class='ocrx_word' id='word_1_190' title='bbox 1677 3022 2068 3085; x_wconf 87' lang='lat' dir='ltr'><strong>exteriorem</strong></span> <span class='ocrx_word' id='word_1_191' title='bbox 2103 3019 2389 3085; x_wconf 89' lang='lat' dir='ltr'><strong>medium</strong></span> <span class='ocrx_word' id='word_1_192' title='bbox 2422 3019 2559 3085; x_wconf 86' lang='lat' dir='ltr'><strong>fere</strong></span> <span class='ocrx_word' id='word_1_193' title='bbox 2591 3019 2836 3104; x_wconf 80' lang='lat' dir='ltr'><strong>dentes,</strong></span> <span class='ocrx_word' id='word_1_194' title='bbox 2881 3018 3116 3105; x_wconf 88' lang='lat' dir='ltr'><strong>quibus</strong></span> <span class='ocrx_word' id='word_1_195' title='bbox 3157 3018 3439 3105; x_wconf 83' lang='lat' dir='ltr'><strong>epigyne</strong></span> 
     </span>
     <span class='ocr_line' id='line_1_23' title="bbox 882 3124 3441 3213; baseline -0.002 -21"><span class='ocrx_word' id='word_1_196' title='bbox 882 3140 952 3192; x_wconf 90' lang='lat' dir='ltr'><strong>ut</strong></span> <span class='ocrx_word' id='word_1_197' title='bbox 998 3128 1068 3190; x_wconf 92' lang='lat' dir='ltr'><strong>in</strong></span> <span class='ocrx_word' id='word_1_198' title='bbox 1115 3127 1259 3191; x_wconf 90' lang='lat' dir='ltr'><strong>aliis</strong></span> <span class='ocrx_word' id='word_1_199' title='bbox 1307 3129 1707 3192; x_wconf 75' lang='lat' dir='ltr'><strong>Amaurobiz&#39;s</strong></span> <span class='ocrx_word' id='word_1_200' title='bbox 1753 3138 2034 3212; x_wconf 80' lang='lat' dir='ltr'><strong>ornatur,</strong></span> <span class='ocrx_word' id='word_1_201' title='bbox 2079 3128 2264 3213; x_wconf 86' lang='lat' dir='ltr'><strong>apice</strong></span> <span class='ocrx_word' id='word_1_202' title='bbox 2297 3128 2531 3210; x_wconf 77' lang='lat' dir='ltr'><strong>cornei,</strong></span> <span class='ocrx_word' id='word_1_203' title='bbox 2578 3138 2865 3191; x_wconf 90' lang='lat' dir='ltr'><strong>ceterum</strong></span> <span class='ocrx_word' id='word_1_204' title='bbox 2911 3124 3131 3207; x_wconf 86' lang='lat' dir='ltr'><strong>albidi,</strong></span> <span class='ocrx_word' id='word_1_205' title='bbox 3177 3136 3346 3188; x_wconf 88' lang='lat' dir='ltr'><strong>retro</strong></span> <span class='ocrx_word' id='word_1_206' title='bbox 3377 3133 3441 3187; x_wconf 92' lang='lat' dir='ltr'><strong>et</strong></span> 
     </span>
     <span class='ocr_line' id='line_1_24' title="bbox 881 3231 3438 3319; baseline -0.002 -21"><span class='ocrx_word' id='word_1_207' title='bbox 881 3235 1055 3298; x_wconf 89' lang='lat' dir='ltr'><strong>intus</strong></span> <span class='ocrx_word' id='word_1_208' title='bbox 1103 3244 1166 3298; x_wconf 89' lang='lat' dir='ltr'><strong>et</strong></span> <span class='ocrx_word' id='word_1_209' title='bbox 1212 3234 1512 3298; x_wconf 88' lang='lat' dir='ltr'><strong>deorsum</strong></span> <span class='ocrx_word' id='word_1_210' title='bbox 1561 3234 1810 3313; x_wconf 71' lang='lat' dir='ltr'><strong>directi,</strong></span> <span class='ocrx_word' id='word_1_211' title='bbox 1859 3234 2000 3300; x_wconf 89' lang='lat' dir='ltr'><strong>basi</strong></span> <span class='ocrx_word' id='word_1_212' title='bbox 2049 3257 2139 3300; x_wconf 90' lang='lat' dir='ltr'><strong>ca.</strong></span> <span class='ocrx_word' id='word_1_213' title='bbox 2189 3237 2292 3298; x_wconf 80' lang='lat'><strong>0·2</strong></span> <span class='ocrx_word' id='word_1_214' title='bbox 2324 3234 2456 3319; x_wconf 83' lang='lat' dir='ltr'><strong>lati,</strong></span> <span class='ocrx_word' id='word_1_215' title='bbox 2503 3255 2594 3298; x_wconf 90' lang='lat' dir='ltr'><strong>ca.</strong></span> <span class='ocrx_word' id='word_1_216' title='bbox 2627 3235 2733 3298; x_wconf 90' lang='lat'><strong>0·4</strong></span> <span class='ocrx_word' id='word_1_217' title='bbox 2763 3233 2961 3317; x_wconf 85' lang='lat' dir='ltr'><strong>longi,</strong></span> <span class='ocrx_word' id='word_1_218' title='bbox 3006 3231 3438 3316; x_wconf 85' lang='lat' dir='ltr'><strong>triangulares</strong></span> 
     </span>
     <span class='ocr_line' id='line_1_25' title="bbox 882 3337 3438 3428; baseline -0.001 -23"><span class='ocrx_word' id='word_1_219' title='bbox 882 3342 1066 3428; x_wconf 89' lang='lat' dir='ltr'><strong>apice</strong></span> <span class='ocrx_word' id='word_1_220' title='bbox 1112 3343 1285 3406; x_wconf 85' lang='lat' dir='ltr'><strong>acuti</strong></span> <span class='ocrx_word' id='word_1_221' title='bbox 1346 3352 1456 3406; x_wconf 90' lang='lat' dir='ltr'><strong>aut</strong></span> <span class='ocrx_word' id='word_1_222' title='bbox 1517 3341 1807 3406; x_wconf 88' lang='lat' dir='ltr'><strong>breviter</strong></span> <span class='ocrx_word' id='word_1_223' title='bbox 1866 3342 2124 3428; x_wconf 89' lang='lat' dir='ltr'><strong>oblique</strong></span> <span class='ocrx_word' id='word_1_224' title='bbox 2184 3342 2481 3406; x_wconf 86' lang='lat' dir='ltr'><strong>truncati.</strong></span> <span class='ocrx_word' id='word_1_225' title='bbox 2545 3339 2815 3405; x_wconf 87' lang='lat' dir='ltr'><strong>Fundus</strong></span> <span class='ocrx_word' id='word_1_226' title='bbox 2878 3340 3113 3404; x_wconf 50' lang='lat' dir='ltr'><strong>foveae*</strong></span> <span class='ocrx_word' id='word_1_227' title='bbox 3169 3337 3438 3403; x_wconf 87' lang='lat' dir='ltr'><strong>foveolis</strong></span> 
     </span>
     <span class='ocr_line' id='line_1_26' title="bbox 883 3448 3439 3535; baseline -0.002 -22"><span class='ocrx_word' id='word_1_228' title='bbox 883 3461 1145 3513; x_wconf 87' lang='lat' dir='ltr'><strong>ornatus</strong></span> <span class='ocrx_word' id='word_1_229' title='bbox 1192 3448 1441 3513; x_wconf 86' lang='lat' dir='ltr'><strong>duabus</strong></span> <span class='ocrx_word' id='word_1_230' title='bbox 1491 3448 1701 3535; x_wconf 85' lang='lat' dir='ltr'><strong>paullo</strong></span> <span class='ocrx_word' id='word_1_231' title='bbox 1746 3449 2005 3532; x_wconf 89' lang='lat' dir='ltr'><strong>longius</strong></span> <span class='ocrx_word' id='word_1_232' title='bbox 2065 3472 2103 3512; x_wconf 87' lang='lat' dir='ltr'><strong>a</strong></span> <span class='ocrx_word' id='word_1_233' title='bbox 2165 3450 2459 3532; x_wconf 88' lang='lat' dir='ltr'><strong>margine</strong></span> <span class='ocrx_word' id='word_1_234' title='bbox 2505 3449 2750 3533; x_wconf 89' lang='lat' dir='ltr'><strong>postico</strong></span> <span class='ocrx_word' id='word_1_235' title='bbox 2798 3448 3120 3535; x_wconf 86' lang='lat' dir='ltr'><strong>epigynae</strong></span> <span class='ocrx_word' id='word_1_236' title='bbox 3166 3468 3354 3532; x_wconf 89' lang='lat' dir='ltr'><strong>quam</strong></span> <span class='ocrx_word' id='word_1_237' title='bbox 3400 3468 3439 3509; x_wconf 89' lang='lat' dir='ltr'><strong>a</strong></span> 
     </span>
     <span class='ocr_line' id='line_1_27' title="bbox 884 3553 3438 3642; baseline -0.001 -23"><span class='ocrx_word' id='word_1_238' title='bbox 884 3556 1179 3640; x_wconf 87' lang='lat' dir='ltr'><strong>margine</strong></span> <span class='ocrx_word' id='word_1_239' title='bbox 1225 3557 1438 3621; x_wconf 90' lang='lat' dir='ltr'><strong>antico</strong></span> <span class='ocrx_word' id='word_1_240' title='bbox 1487 3555 1715 3624; x_wconf 83' lang='lat' dir='ltr'><strong>foveae</strong></span> <span class='ocrx_word' id='word_1_241' title='bbox 1761 3557 2042 3636; x_wconf 81' lang='lat' dir='ltr'><strong>remotiS,</strong></span> <span class='ocrx_word' id='word_1_242' title='bbox 2104 3554 2463 3642; x_wconf 56' lang='lat' dir='ltr'><strong>profundis»,</strong></span> <span class='ocrx_word' id='word_1_243' title='bbox 2524 3554 2839 3639; x_wconf 78' lang='lat' dir='ltr'><strong>oblongis,</strong></span> <span class='ocrx_word' id='word_1_244' title='bbox 2908 3555 2976 3617; x_wconf 94' lang='lat' dir='ltr'><strong>in</strong></span> <span class='ocrx_word' id='word_1_245' title='bbox 3023 3553 3329 3618; x_wconf 89' lang='lat' dir='ltr'><strong>lateribus</strong></span> <span class='ocrx_word' id='word_1_246' title='bbox 3374 3564 3438 3616; x_wconf 90' lang='lat' dir='ltr'><strong>et</strong></span> 
     </span>
     <span class='ocr_line' id='line_1_28' title="bbox 884 3660 3433 3750; baseline -0 -25"><span class='ocrx_word' id='word_1_247' title='bbox 884 3685 1065 3748; x_wconf 66' lang='lat' dir='ltr'><strong>pone,</strong></span> <span class='ocrx_word' id='word_1_248' title='bbox 1129 3661 1240 3726; x_wconf 91' lang='lat' dir='ltr'><strong>ubi</strong></span> <span class='ocrx_word' id='word_1_249' title='bbox 1289 3663 1667 3727; x_wconf 86' lang='lat' dir='ltr'><strong>rotundatae</strong></span> <span class='ocrx_word' id='word_1_250' title='bbox 1729 3673 1893 3748; x_wconf 82' lang='lat' dir='ltr'><strong>sunt,</strong></span> <span class='ocrx_word' id='word_1_251' title='bbox 1957 3664 2196 3750; x_wconf 90' lang='lat' dir='ltr'><strong>optime</strong></span> <span class='ocrx_word' id='word_1_252' title='bbox 2257 3662 2555 3747; x_wconf 80' lang='lat' dir='ltr'><strong>definitis,</strong></span> <span class='ocrx_word' id='word_1_253' title='bbox 2623 3663 2792 3726; x_wconf 87' lang='lat' dir='ltr'><strong>inter</strong></span> <span class='ocrx_word' id='word_1_254' title='bbox 2840 3684 2907 3726; x_wconf 90' lang='lat' dir='ltr'><strong>se</strong></span> <span class='ocrx_word' id='word_1_255' title='bbox 2953 3684 3044 3726; x_wconf 89' lang='lat' dir='ltr'><strong>ca.</strong></span> <span class='ocrx_word' id='word_1_256' title='bbox 3093 3660 3433 3725; x_wconf 80' lang='lat'><strong>03—-0-3‘1</strong></span> 
     </span>
     <span class='ocr_line' id='line_1_29' title="bbox 885 3766 3440 3857; baseline -0.001 -24"><span class='ocrx_word' id='word_1_257' title='bbox 885 3770 1175 3848; x_wconf 77' lang='lat' dir='ltr'><strong>remotis3</strong></span> <span class='ocrx_word' id='word_1_258' title='bbox 1223 3780 1511 3835; x_wconf 89' lang='lat' dir='ltr'><strong>ceterum</strong></span> <span class='ocrx_word' id='word_1_259' title='bbox 1559 3769 1797 3834; x_wconf 88' lang='lat' dir='ltr'><strong>fundus</strong></span> <span class='ocrx_word' id='word_1_260' title='bbox 1842 3793 1973 3834; x_wconf 92' lang='lat' dir='ltr'><strong>una</strong></span> <span class='ocrx_word' id='word_1_261' title='bbox 2020 3793 2169 3836; x_wconf 90' lang='lat' dir='ltr'><strong>cum</strong></span> <span class='ocrx_word' id='word_1_262' title='bbox 2218 3779 2397 3856; x_wconf 89' lang='lat' dir='ltr'><strong>parte</strong></span> <span class='ocrx_word' id='word_1_263' title='bbox 2444 3768 2762 3857; x_wconf 85' lang='lat' dir='ltr'><strong>epigynae</strong></span> <span class='ocrx_word' id='word_1_264' title='bbox 2810 3769 3071 3855; x_wconf 65' lang='lat' dir='ltr'><strong>postica,</strong></span> <span class='ocrx_word' id='word_1_265' title='bbox 3118 3789 3280 3854; x_wconf 89' lang='lat' dir='ltr'><strong>quae</strong></span> <span class='ocrx_word' id='word_1_266' title='bbox 3326 3766 3440 3830; x_wconf 88' lang='lat' dir='ltr'><strong>de-</strong></span> 
     </span>
     <span class='ocr_line' id='line_1_30' title="bbox 887 3873 3439 3964; baseline -0.001 -24"><span class='ocrx_word' id='word_1_267' title='bbox 887 3899 1105 3964; x_wconf 85' lang='lat' dir='ltr'><strong>pressa</strong></span> <span class='ocrx_word' id='word_1_268' title='bbox 1165 3887 1228 3940; x_wconf 91' lang='lat' dir='ltr'><strong>et</strong></span> <span class='ocrx_word' id='word_1_269' title='bbox 1286 3878 1355 3940; x_wconf 92' lang='lat' dir='ltr'><strong>in</strong></span> <span class='ocrx_word' id='word_1_270' title='bbox 1417 3887 1863 3941; x_wconf 84' lang='lat' dir='ltr'><strong>transversum</strong></span> <span class='ocrx_word' id='word_1_271' title='bbox 1922 3877 2158 3940; x_wconf 85' lang='lat' dir='ltr'><strong>leviter</strong></span> <span class='ocrx_word' id='word_1_272' title='bbox 2219 3876 2406 3940; x_wconf 91' lang='lat' dir='ltr'><strong>modo</strong></span> <span class='ocrx_word' id='word_1_273' title='bbox 2467 3876 2824 3961; x_wconf 86' lang='lat' dir='ltr'><strong>inaequalis</strong></span> <span class='ocrx_word' id='word_1_274' title='bbox 2885 3887 3010 3959; x_wconf 84' lang='lat' dir='ltr'><strong>est,</strong></span> <span class='ocrx_word' id='word_1_275' title='bbox 3082 3873 3439 3940; x_wconf 87' lang='lat' dir='ltr'><strong>secundum</strong></span> 
     </span>
     <span class='ocr_line' id='line_1_31' title="bbox 885 3982 3441 4070; baseline -0.001 -23"><span class='ocrx_word' id='word_1_276' title='bbox 885 3984 1174 4048; x_wconf 88' lang='lat' dir='ltr'><strong>medium</strong></span> <span class='ocrx_word' id='word_1_277' title='bbox 1223 3984 1522 4069; x_wconf 88' lang='lat' dir='ltr'><strong>pallidior</strong></span> <span class='ocrx_word' id='word_1_278' title='bbox 1583 4007 1775 4070; x_wconf 89' lang='lat' dir='ltr'><strong>quam</strong></span> <span class='ocrx_word' id='word_1_279' title='bbox 1836 3985 1904 4047; x_wconf 88' lang='lat' dir='ltr'><strong>in</strong></span> <span class='ocrx_word' id='word_1_280' title='bbox 1950 3983 2278 4068; x_wconf 66' lang='lat' dir='ltr'><strong>lateribu57</strong></span> <span class='ocrx_word' id='word_1_281' title='bbox 2340 3985 2406 4047; x_wconf 91' lang='lat' dir='ltr'><strong>in</strong></span> <span class='ocrx_word' id='word_1_282' title='bbox 2457 3994 2632 4067; x_wconf 86' lang='lat' dir='ltr'><strong>parte</strong></span> <span class='ocrx_word' id='word_1_283' title='bbox 2695 3983 3014 4048; x_wconf 89' lang='lat' dir='ltr'><strong>anteriore</strong></span> <span class='ocrx_word' id='word_1_284' title='bbox 3076 3982 3329 4046; x_wconf 89' lang='lat' dir='ltr'><strong>albidus</strong></span> <span class='ocrx_word' id='word_1_285' title='bbox 3377 3993 3441 4045; x_wconf 89' lang='lat' dir='ltr'><strong>et</strong></span> 
     </span>
     <span class='ocr_line' id='line_1_32' title="bbox 885 4089 3440 4176; baseline -0.001 -22"><span class='ocrx_word' id='word_1_286' title='bbox 885 4092 1114 4174; x_wconf 79' lang='lat' dir='ltr'><strong>mollis⁷</strong></span> <span class='ocrx_word' id='word_1_287' title='bbox 1163 4092 1229 4155; x_wconf 87' lang='lat' dir='ltr'><strong>in</strong></span> <span class='ocrx_word' id='word_1_288' title='bbox 1264 4091 1612 4176; x_wconf 87' lang='lat' dir='ltr'><strong>posteriore</strong></span> <span class='ocrx_word' id='word_1_289' title='bbox 1658 4091 1891 4154; x_wconf 87' lang='lat' dir='ltr'><strong>leviter</strong></span> <span class='ocrx_word' id='word_1_290' title='bbox 1938 4090 2127 4154; x_wconf 90' lang='lat' dir='ltr'><strong>modo</strong></span> <span class='ocrx_word' id='word_1_291' title='bbox 2158 4089 2522 4172; x_wconf 80' lang='lat' dir='ltr'><strong>induratus3</strong></span> <span class='ocrx_word' id='word_1_292' title='bbox 2572 4112 2716 4175; x_wconf 89' lang='lat' dir='ltr'><strong>pars</strong></span> <span class='ocrx_word' id='word_1_293' title='bbox 2749 4089 2910 4155; x_wconf 90' lang='lat' dir='ltr'><strong>haec</strong></span> <span class='ocrx_word' id='word_1_294' title='bbox 2942 4090 3157 4154; x_wconf 88' lang='lat' dir='ltr'><strong>media</strong></span> <span class='ocrx_word' id='word_1_295' title='bbox 3188 4100 3440 4174; x_wconf 83' lang='lat' dir='ltr'><strong>septum</strong></span> 
     </span>
     <span class='ocr_line' id='line_1_33' title="bbox 885 4196 3440 4282; baseline -0.001 -21"><span class='ocrx_word' id='word_1_296' title='bbox 885 4197 1122 4262; x_wconf 86' lang='lat' dir='ltr'><strong>format</strong></span> <span class='ocrx_word' id='word_1_297' title='bbox 1167 4220 1457 4263; x_wconf 86' lang='lat' dir='ltr'><strong>crassum</strong></span> <span class='ocrx_word' id='word_1_298' title='bbox 1504 4196 1820 4282; x_wconf 82' lang='lat' dir='ltr'><strong>obtusum,</strong></span> <span class='ocrx_word' id='word_1_299' title='bbox 1880 4221 1918 4261; x_wconf 90' lang='lat' dir='ltr'><strong>a</strong></span> <span class='ocrx_word' id='word_1_300' title='bbox 1966 4197 2235 4261; x_wconf 87' lang='lat' dir='ltr'><strong>foveolis</strong></span> <span class='ocrx_word' id='word_1_301' title='bbox 2282 4198 2799 4262; x_wconf 86' lang='lat' dir='ltr'><strong>commemoratis</strong></span> <span class='ocrx_word' id='word_1_302' title='bbox 2847 4198 3167 4261; x_wconf 82' lang='lat' dir='ltr'><strong>anteriora</strong></span> <span class='ocrx_word' id='word_1_303' title='bbox 3215 4217 3440 4260; x_wconf 84' lang='lat' dir='ltr'><strong>versus</strong></span> 
     </span>
     <span class='ocr_line' id='line_1_34' title="bbox 885 4302 3440 4390; baseline -0 -23"><span class='ocrx_word' id='word_1_304' title='bbox 885 4305 1123 4390; x_wconf 89' lang='lat' dir='ltr'><strong>optime</strong></span> <span class='ocrx_word' id='word_1_305' title='bbox 1172 4304 1526 4388; x_wconf 79' lang='lat' dir='ltr'><strong>definitum,</strong></span> <span class='ocrx_word' id='word_1_306' title='bbox 1573 4304 1828 4369; x_wconf 87' lang='lat' dir='ltr'><strong>modice</strong></span> <span class='ocrx_word' id='word_1_307' title='bbox 1875 4304 2210 4367; x_wconf 82' lang='lat' dir='ltr'><strong>dilatatum</strong></span> <span class='ocrx_word' id='word_1_308' title='bbox 2262 4314 2323 4367; x_wconf 90' lang='lat' dir='ltr'><strong>et</strong></span> <span class='ocrx_word' id='word_1_309' title='bbox 2370 4304 2609 4367; x_wconf 88' lang='lat' dir='ltr'><strong>sensim</strong></span> <span class='ocrx_word' id='word_1_310' title='bbox 2656 4304 2997 4384; x_wconf 69' lang='lat' dir='ltr'><strong>elevatum,</strong></span> <span class='ocrx_word' id='word_1_311' title='bbox 3046 4326 3198 4368; x_wconf 91' lang='lat' dir='ltr'><strong>cum</strong></span> <span class='ocrx_word' id='word_1_312' title='bbox 3242 4302 3440 4366; x_wconf 87' lang='lat' dir='ltr'><strong>latere</strong></span> 
     </span>
     <span class='ocr_line' id='line_1_35' title="bbox 885 4411 3441 4497; baseline 0 -23"><span class='ocrx_word' id='word_1_313' title='bbox 885 4412 1216 4497; x_wconf 87' lang='lat' dir='ltr'><strong>superiore</strong></span> <span class='ocrx_word' id='word_1_314' title='bbox 1278 4412 1591 4496; x_wconf 88' lang='lat' dir='ltr'><strong>marginis</strong></span> <span class='ocrx_word' id='word_1_315' title='bbox 1651 4412 1851 4476; x_wconf 85' lang='lat' dir='ltr'><strong>antici</strong></span> <span class='ocrx_word' id='word_1_316' title='bbox 1913 4411 2217 4494; x_wconf 84' lang='lat' dir='ltr'><strong>(fundum</strong></span> <span class='ocrx_word' id='word_1_317' title='bbox 2280 4411 2510 4475; x_wconf 84' lang='lat' dir='ltr'><strong>foveae</strong></span> <span class='ocrx_word' id='word_1_318' title='bbox 2571 4412 2912 4496; x_wconf 83' lang='lat' dir='ltr'><strong>spectanti)</strong></span> <span class='ocrx_word' id='word_1_319' title='bbox 2976 4412 3216 4496; x_wconf 86' lang='lat' dir='ltr'><strong>pariete</strong></span> <span class='ocrx_word' id='word_1_320' title='bbox 3261 4411 3441 4474; x_wconf 88' lang='lat' dir='ltr'><strong>tenui</strong></span> 
     </span>
     <span class='ocr_line' id='line_1_36' title="bbox 884 4516 3441 4605; baseline -0.001 -22"><span class='ocrx_word' id='word_1_321' title='bbox 884 4517 1338 4602; x_wconf 87' lang='lat' dir='ltr'><strong>longitudinali</strong></span> <span class='ocrx_word' id='word_1_322' title='bbox 1388 4518 1820 4588; x_wconf 86' lang='lat' dir='ltr'><strong>coniunctum.</strong></span> <span class='ocrx_word' id='word_1_323' title='bbox 1892 4519 1970 4582; x_wconf 93' lang='lat' dir='ltr'><strong>In</strong></span> <span class='ocrx_word' id='word_1_324' title='bbox 2020 4529 2198 4605; x_wconf 87' lang='lat' dir='ltr'><strong>parte</strong></span> <span class='ocrx_word' id='word_1_325' title='bbox 2245 4517 2592 4603; x_wconf 83' lang='lat' dir='ltr'><strong>posteriore</strong></span> <span class='ocrx_word' id='word_1_326' title='bbox 2640 4530 2892 4602; x_wconf 88' lang='lat' dir='ltr'><strong>septum</strong></span> <span class='ocrx_word' id='word_1_327' title='bbox 2939 4539 3163 4602; x_wconf 82' lang='lat' dir='ltr'><strong>pamm</strong></span> <span class='ocrx_word' id='word_1_328' title='bbox 3212 4516 3441 4582; x_wconf 88' lang='lat' dir='ltr'><strong>defini-</strong></span> 
     </span>
     <span class='ocr_line' id='line_1_37' title="bbox 885 4624 3442 4711; baseline 0 -23"><span class='ocrx_word' id='word_1_329' title='bbox 885 4636 1022 4688; x_wconf 88' lang='lat' dir='ltr'><strong>tum</strong></span> <span class='ocrx_word' id='word_1_330' title='bbox 1070 4636 1183 4711; x_wconf 75' lang='lat' dir='ltr'><strong>est,</strong></span> <span class='ocrx_word' id='word_1_331' title='bbox 1246 4646 1410 4710; x_wconf 93' lang='lat' dir='ltr'><strong>pone</strong></span> <span class='ocrx_word' id='word_1_332' title='bbox 1459 4625 1746 4689; x_wconf 88' lang='lat' dir='ltr'><strong>foveolas</strong></span> <span class='ocrx_word' id='word_1_333' title='bbox 1793 4624 2054 4702; x_wconf 74' lang='lat' dir='ltr'><strong>humile,</strong></span> <span class='ocrx_word' id='word_1_334' title='bbox 2116 4625 2246 4688; x_wconf 89' lang='lat' dir='ltr'><strong>imo</strong></span> <span class='ocrx_word' id='word_1_335' title='bbox 2308 4647 2769 4710; x_wconf 88' lang='lat' dir='ltr'><strong>nonnunquam</strong></span> <span class='ocrx_word' id='word_1_336' title='bbox 2829 4647 3244 4710; x_wconf 73' lang='lat' dir='ltr'><strong>evanescenS,</strong></span> <span class='ocrx_word' id='word_1_337' title='bbox 3303 4636 3442 4689; x_wconf 91' lang='lat' dir='ltr'><strong>tum</strong></span> 
     </span>
     <span class='ocr_line' id='line_1_38' title="bbox 886 4731 3442 4817; baseline 0 -22"><span class='ocrx_word' id='word_1_338' title='bbox 886 4733 1249 4817; x_wconf 90' lang='lat' dir='ltr'><strong>marginem</strong></span> <span class='ocrx_word' id='word_1_339' title='bbox 1296 4733 1613 4817; x_wconf 86' lang='lat' dir='ltr'><strong>posticum</strong></span> <span class='ocrx_word' id='word_1_340' title='bbox 1677 4755 1904 4796; x_wconf 84' lang='lat' dir='ltr'><strong>versus</strong></span> <span class='ocrx_word' id='word_1_341' title='bbox 1952 4732 2184 4796; x_wconf 85' lang='lat' dir='ltr'><strong>leviter</strong></span> <span class='ocrx_word' id='word_1_342' title='bbox 2230 4731 2556 4796; x_wconf 84' lang='lat' dir='ltr'><strong>elevatum</strong></span> <span class='ocrx_word' id='word_1_343' title='bbox 2617 4742 2679 4797; x_wconf 84' lang='lat' dir='ltr'><strong>et</strong></span> <span class='ocrx_word' id='word_1_344' title='bbox 2742 4733 2995 4796; x_wconf 86' lang='lat' dir='ltr'><strong>varium</strong></span> <span class='ocrx_word' id='word_1_345' title='bbox 3056 4733 3125 4796; x_wconf 91' lang='lat' dir='ltr'><strong>in</strong></span> <span class='ocrx_word' id='word_1_346' title='bbox 3173 4731 3442 4796; x_wconf 90' lang='lat' dir='ltr'><strong>modum</strong></span> 
     </span>
    </p>
   </div>
  </div>
 </body>
</html>
