3850 5867
888 440 1023 505 426

891 653 1147 718 modice
1209 651 1472 716 dilatata
1534 652 1601 716 in
1649 653 1865 717 latere·
1907 651 2245 732 exteriore,
2308 633 2504 738 prope
2563 627 2817 738 apicem
2881 657 3056 734 (cum
3120 655 3447 737 processu)

889 760 1154 826 circiter
1204 763 1284 844 Ἴ,
1335 758 1522 823 latior
1569 781 1761 844 quam
1809 758 1951 824 basi
1983 770 2046 823 et
2086 757 2300 844 paullo
2348 759 2682 843 angustior
2710 781 2905 845 quam
2936 758 3131 844 longa
3178 759 3244 822 in
3280 758 3451 823 linea

891 867 1193 932 mediana
1255 877 1316 930 et
1376 887 1577 951 aeque
1625 866 1884 931 circiter
1944 864 2074 930 lata
2135 877 2323 953 atque
2384 865 2579 949 longa
2640 866 2707 929 in
2756 865 2954 930 latere
3001 866 3319 932 exteriore
3364 865 3446 930 ab

888 972 1127 1059 angulo
1171 971 1375 1038 basali
1421 973 1739 1037 exteriore
1787 995 1989 1060 usque
2033 973 2115 1037 ad
2165 973 2375 1038 basim
2420 973 2797 1037 interiorem
2842 994 3197 1058 processus.

1025 1080 1280 1166 Carina,
1326 1083 1452 1166 qua
1496 1102 1646 1166 pars
1693 1079 1935 1145 tibialis
1967 1080 2186 1144 subter
2215 1093 2499 1164 ornatur,
2547 1080 2808 1145 circiter
2842 1082 2923 1165 ²s5
2955 1078 3212 1165 longior
3257 1102 3445 1166 quam

887 1189 1188 1275 spatium,
1253 1210 1376 1273 quo
1436 1211 1477 1252 a
1538 1187 1678 1252 basi
1740 1186 2088 1252 internodii
2157 1186 2365 1252 distat.
2414 1225 2499 1235 —-
2548 1187 2785 1254 Carina
2845 1187 3128 1252 laminae
3173 1186 3448 1272 tarsalis,

890 1318 1090 1381 prope
1135 1319 1173 1359 a
1221 1295 1516 1379 margine
1580 1295 1900 1359 exteriore
1965 1295 2104 1378 sita,
2171 1295 2433 1359 circiter
2479 1294 2820 1358 dimidiam
2869 1306 3113 1380 partem
3164 1293 3446 1360 basalem

885 1411 1180 1488 occupat,
1225 1403 1292 1466 in
1334 1413 1517 1487 parte
1562 1402 1882 1466 anteriore
1930 1401 2164 1466 leviter
2211 1401 2565 1486 descendit,
2610 1403 2794 1487 apice
2841 1423 2880 1465 a
2925 1402 3229 1486 margine.
3263 1400 3447 1465 lami-

889 1530 1014 1573 nae
1061 1509 1265 1594 spatio
1313 1520 1411 1572 sat
1458 1507 1587 1573 lato
1634 1508 1845 1572 distat.
1924 1508 2209 1574 Stemma
2259 1506 2661 1571 simillimum
2709 1509 3030 1574 stemmati
3078 1509 3449 1573 Amaurobii

887 1616 1204 1699 Leveilleit,
1252 1616 1608 1680 conductor
1647 1614 1881 1680 emboli
1916 1614 2203 1701 paullulo
2235 1615 2511 1699 brevior,
2558 1614 2837 1680 similem
2884 1616 2950 1678 in
2987 1614 3252 1679 modum
3299 1635 3449 1680 cur—

888 1734 1100 1807 vatus,
1161 1721 1244 1785 ad
1290 1723 1559 1807 apicem,
1622 1723 1731 1808 qui
1779 1723 1954 1785 intus
2017 1734 2079 1787 et
2138 1720 2356 1809 paullo
2402 1732 2571 1786 retro
2619 1721 2908 1786 directus
2955 1733 3070 1807 est,
3132 1723 3200 1786 in
3247 1722 3448 1788 latere

890 1829 1243 1916 posteriore
1289 1828 1506 1916 paullo
1554 1828 1876 1914 dilatatae,
1923 1828 2110 1917 apice
2157 1827 2285 1893 late
2330 1839 2395 1894 et
2440 1828 2938 1915 inaequabiliter
2967 1840 3306 1895 truncatus
3336 1831 3447 1914 ita,

889 1947 961 2001 ut
1006 1937 1074 2000 in
1121 1935 1346 2001 dentes
1405 1946 1538 2001 tres
1603 1936 1869 2021 desinat,
1930 1958 2206 2022 quorum
2267 1936 2518 2001 medius
2580 1957 2728 2000 cum
2792 1938 3008 2001 antico
3053 1935 3224 2001 linea
3271 1940 3447 2002 recta

887 2042 1029 2107 fere
1077 2043 1510 2128 coniungitur,
1559 2065 1597 2107 a
1644 2044 1887 2129 postico
1936 2055 2150 2108 autem
2198 2043 2344 2106 sinu
2394 2042 2776 2127 rectangulo
2824 2042 2961 2108 fere
3006 2044 3446 2129 distinguitur.

1024 2149 1344 2215 Diametri
1391 2149 1750 2214 oculorum:
1799 2149 1966 2215 med.
1999 2161 2124 2215 ant.
2158 2151 2369 2226 0195,
2417 2148 2524 2214 lat.
2571 2161 2700 2214 ant.
2747 2151 2899 2215 026
2931 2165 2994 2215 et
3027 2152 3239 2234 0195,
3280 2149 3445 2216 med.

889 2267 1048 2343 post.
1094 2257 1307 2340 0195,
1370 2256 1473 2321 lat.
1522 2270 1683 2342 post.
1731 2258 1882 2321 018
1928 2270 1992 2320 et
2039 2258 2209 2340 027,
2270 2255 2615 2321 intervalla
2676 2256 3038 2321 oculorum:
3103 2271 3230 2322 ant.
3278 2258 3445 2322 med.

885 2364 1057 2447 017,
1104 2363 1211 2427 lat.
1258 2374 1388 2428 ant.
1435 2365 1603 2448 016,
1651 2374 1807 2449 post.
1856 2363 2022 2428 med.
2069 2365 2236 2448 026,
2284 2374 2440 2449 post.
2487 2364 2594 2428 lat.
2640 2366 2789 2428 032
2834 2387 2967 2428 mm
3017 2364 3225 2451 longa.
3274 2367 3448 2430 Area

890 2469 1222 2534 oculorum
1272 2471 1631 2535 mediorum
1680 2484 1826 2535 ante
1873 2473 2041 2554 055,
2087 2493 2252 2558 pone
2297 2472 2447 2536 063
2496 2471 2641 2548 lata,
2688 2473 2839 2537 055
2887 2470 3096 2557 longa.
3160 2472 3445 2561 Clypeus

884 2578 1034 2642 0·31
1085 2576 1270 2642 altus.

1023 2682 1543 2770 Cephalothorax
1578 2686 1668 2750 6·1
1715 2683 1965 2768 longae,
2011 2685 2116 2749 4·2
2149 2684 2337 2768 latus,
2384 2708 2532 2772 pars
2566 2685 2901 2772 cephalica
2932 2686 3034 2751 28
3070 2685 3214 2750 lata.
3262 2687 3445 2750 Man-

891 2790 1150 2856 dibulae
1198 2792 1301 2856 30
1334 2790 1582 2878 longae,
1630 2794 1728 2857 27
1764 2791 1950 2856 latae.
2000 2790 2344 2877 Palporum
2393 2815 2542 2880 pars
2593 2793 2921 2878 patellaris
2970 2795 3037 2857 in
3095 2793 3265 2859 linea
3309 2815 3445 2859 me-

888 2897 1087 2962 diana
1116 2899 1284 2980 082,
1316 2897 1558 2963 tibialis
1592 2921 1629 2962 a
1662 2898 1799 2963 basi
1837 2898 2050 2962 media
2086 2897 2167 2961 ad
2200 2899 2511 2983 angulum
2543 2900 2857 2985 apicalem
2892 2901 3262 2964 interiorem
3295 2900 3443 2966 073

888 3003 1102 3089 longa,
1151 3003 1393 3069 lamina
1423 3004 1677 3069 tarsalis
1725 3007 1829 3069 24
1863 3005 2073 3091 longa,
2119 3007 2270 3070 0·94
2305 3005 2449 3070 lata.
2499 3006 2636 3070 eius
2670 3020 2942 3071 rostrum
2977 3008 3129 3072 096
3163 3007 3443 3093 longum.

1023 3112 1271 3177 Pedum
1318 3112 1706 3178 internodia:

1389 3220 1441 3285 Ι.
1531 3222 1654 3303 4·2,
1748 3220 1868 3302 20,
2006 3220 2128 3303 3·6,
2263 3222 2430 3304 4·15,
2523 3222 2625 3285 25
2704 3220 3102 3306 (unguiculis
3134 3220 3443 3304 exclusis)

1353 3325 1442 3390 II.
1533 3327 1655 3410 4·1,
1752 3327 1916 3409 195,
2008 3326 2129 3409 3·3,
2266 3327 2432 3410 395,
2526 3327 2645 3410 23,

1317 3433 1439 3497 ΙΠ.
1531 3433 1655 3516 3-8,
1754 3433 1869 3516 1·8,
2007 3433 2172 3516 295,
2264 3434 2431 3516 495,
2522 3434 2644 3516 21,

1323 3539 1441 3604 IV.
1533 3541 1653 3624 45,
1747 3542 1868 3622 20,
2008 3541 2129 3625 39,
2264 3542 2385 3624 53,
2521 3542 2669 3606 265
2716 3564 2848 3605 mm
2898 3541 3108 3627 longa.

1021 3645 1395 3734 Pyrenaeos
1456 3655 1708 3711 montes
1769 3647 2113 3712 orientales
2174 3647 2402 3711 incolit
2462 3647 2624 3712 haec
2689 3649 2937 3734 species
2982 3660 3145 3713 teste
3191 3648 3320 3714 Cel.
3368 3651 3442 3715 E.

889 3752 1195 3819 SimoniO.

1021 3860 1325 3946 Quinque
1370 3860 1668 3946 exempla
1714 3860 1868 3943 vidi,
1932 3884 1969 3925 a
2014 3860 2146 3928 Cel.
2193 3862 2266 3925 E.
2316 3861 2601 3927 Simonio
2651 3864 3143 3949 communicata,
3190 3886 3442 3929 mascu-

891 3966 1095 4031 linum
1145 3988 1346 4030 unum
1393 3979 1456 4032 et
1503 3967 1820 4032 feminina
1864 3981 2164 4053 quatuor3
2213 3968 2443 4031 horum
2493 3970 2850 4033 maximum
2901 3969 3233 4035 dimensus
3280 3994 3441 4035 sum.

1510 4182 1573 4249 2.
1636 4181 2074 4252 Amani-obius
2124 4183 2424 4251 Leveillei
2474 4183 2576 4267 (E.
2622 4182 2821 4263 Sim).

885 4303 1045 4358 1876.
1100 4305 1336 4357 Coelotes
1373 4306 1625 4359 Leveiuei
1673 4310 1733 4360 E.
1772 4308 1973 4374 Simon,
2023 4293 2224 4360 liltudes
2264 4309 2758 4375 arachnologiques,
2807 4308 2898 4362 4-e
2936 4309 3090 4360 mem.
3129 4313 3284 4374 (Anu.
3325 4313 3440 4364 Soc-

1211 4403 1319 4449 ent.
1361 4397 1584 4459 Franco,
1624 4413 1723 4448 ser.
1764 4397 1813 4456 5,
1857 4414 1903 4446 v.
1945 4397 2016 4465 6),
2054 4415 2103 4464 p.
2143 4398 2228 4452 92.

1021 4501 1212 4565 Mas,
1261 4501 1426 4586 (Fig.
1475 4503 1578 4585 38,
1625 4504 1729 4586 54,
1777 4504 1904 4587 67).

926 4652 946 4674 .
1022 4608 1371 4673 Processus
1434 4607 1762 4696 patellaris
1826 4608 2164 4696 palporum
2226 4610 2502 4698 desuper
2566 4614 2747 4676 visus
2795 4612 3011 4700 paullo
3057 4612 3202 4699 plus
3248 4614 3441 4701 triplo

888 4712 1148 4779 brevior
1192 4738 1386 4802 quam
1434 4739 1582 4802 pars
1631 4715 1975 4803 patellari8‚
2022 4716 2219 4804 duplo
2266 4716 2403 4783 fere
2448 4718 2700 4805 longior
2745 4742 2941 4807 quam
2987 4742 3186 4808 prope
3232 4720 3439 4785 basim
