3850 5867
2828 541 2959 610 461

393 774 531 816 una
576 773 724 817 cum
775 771 1080 837 processu
1128 752 1280 816 089
1327 750 1550 835 longa3
1612 769 1953 834 processus
1999 749 2151 818 035
2197 748 2450 835 longus,
2512 773 2710 838 prope
2756 752 2963 819 basim

391 859 552 925 0·16
582 858 772 941 latus,
818 857 1096 945 desuper
1124 857 1307 924 visus
1340 856 1556 942 paullo
1587 856 2089 944 inaequabiliter
2137 857 2411 943 (apicem
2444 879 2675 923 versus
2708 859 2967 947 fortius)

393 976 802 1051 angustatus,
845 965 1034 1052 apice
1078 975 1328 1048 acutus,
1376 963 1578 1030 latere
1621 964 1931 1030 interiore
1975 974 2168 1049 rect0‚
2214 965 2533 1030 exteriore
2578 966 2833 1033 modice
2863 991 2967 1033 ar-

394 1085 613 1158 cuato,
655 1095 806 1138 cum
853 1071 1059 1138 latere
1102 1071 1520 1158 respondenti
1567 1072 1772 1157 partis
1813 1069 2146 1157 patellaris
2190 1070 2363 1137 linea
2394 1074 2572 1138 recta
2604 1076 2966 1141 coniuncto.

396 1183 457 1246 A
505 1179 711 1246 latere
755 1179 942 1244 visus
989 1200 1330 1265 processus
1384 1177 1718 1265 patellaris
1779 1177 1997 1265 paullo
2059 1199 2315 1243 sursum
2382 1178 2685 1264 directae,
2750 1181 2969 1268 paullo

392 1307 659 1351 sursum
706 1296 1038 1372 curvatus,
1097 1287 1350 1371 apicem
1399 1307 1632 1350 versus
1690 1284 1928 1351 leviter
1986 1297 2053 1351 et
2095 1284 2520 1372 aequabiliter
2566 1301 2968 1374 angustatus,

391 1393 590 1481 apice
635 1415 834 1482 supra
877 1391 1282 1478 rotundatas,
1342 1390 1581 1478 angulo
1642 1391 1876 1479 apicali
1936 1392 2246 1458 inferiore
2291 1393 2455 1458 bene
2498 1417 2807 1482 expresso
2853 1395 2967 1462 sed

393 1500 644 1565 obtuse.
692 1501 1023 1585 Margines
1073 1521 1438 1587 processus:
1486 1500 1781 1586 superior
1825 1499 1895 1563 in
1928 1499 2200 1564 dimidio
2233 1500 2490 1587 apicali²
2537 1503 2827 1588 apicalis‚
2868 1506 2970 1570 in·

395 1608 604 1673 ferior
649 1605 734 1672 ad
779 1607 1050 1693 apicem,
1108 1608 1177 1672 in
1232 1608 1520 1673 carinam
1577 1609 1931 1693 compressi
1993 1617 2269 1693 acutam,
2330 1608 2399 1672 in
2460 1607 2631 1674 latus
2693 1610 2969 1676 interius

394 1733 748 1800 processus
795 1736 924 1778 non
970 1714 1493 1780 descendentem.

535 1822 702 1886 Pars
747 1820 989 1885 tibialis
1036 1820 1315 1908 desuper
1360 1821 1504 1885 visa
1548 1821 1690 1887 basi
1737 1822 1881 1886 0·31
1934 1821 2084 1906 lata,
2140 1845 2177 1885 a
2224 1835 2463 1909 puncto
2511 1823 2809 1892 mediano
2858 1825 2969 1891 ba-

395 1951 545 1993 seos
592 1929 676 1993 ad
721 1927 1032 2014 angulum
1080 1927 1396 2016 apicalem
1459 1928 1832 1993 interiorem
1894 1929 2046 1994 050
2107 1927 2319 2014 longa.
2381 1931 2658 1994 Lamina
2709 1931 2969 1996 tarsalis

399 2038 504 2101 1·ss
555 2034 767 2121 longa„
813 2037 914 2100 0⁸1
965 2033 1114 2118 lata,
1158 2055 1199 2100 a
1245 2047 1428 2121 parte
1471 2034 1792 2104 latissima
1836 2037 2091 2123 apicem
2138 2058 2369 2104 versus
2417 2036 2724 2102 lateribus
2772 2037 2969 2104 levis-

395 2143 568 2207 sime
614 2143 920 2207 concavis
968 2154 1325 2228 angustata.
1390 2142 1679 2208 Stemma
1725 2165 1819 2209 ca.
1866 2144 1992 2226 0·9,
2037 2156 2321 2208 rostrum
2380 2143 2664 2209 laminae
2709 2145 2970 2211 tarsalis

398 2273 495 2314 ca.
549 2250 701 2315 0·40
746 2248 1033 2335 longum.
2368 2321 2373 2326 ¹

539 2355 856 2422 Embolus
900 2356 1272 2441 setiformi5‚
1320 2380 1359 2421 a
1404 2355 1605 2422 bulbo
1651 2378 1971 2444 nusquam
2019 2357 2388 2423 evidentius
2436 2357 2795 2424 discedens.
2852 2359 2969 2424 Pa·

397 2466 535 2529 ries
580 2463 853 2529 inferior
898 2463 1314 2529 conductoris
1376 2462 1616 2529 emboli
1661 2465 1806 2529 0·37
1867 2463 2120 2550 longus,
2180 2465 2319 2532 basi
2384 2466 2608 2553 aequis
2671 2464 2811 2532 fere
2855 2490 2967 2532 an·

398 2570 583 2656 gulis
628 2572 952 2637 anteriora
996 2593 1228 2638 versus
1275 2582 1340 2636 et
1384 2569 1560 2636 foras
1605 2570 1914 2653 directus,
1975 2584 2114 2637 tum
2163 2571 2337 2638 foras
2381 2571 2613 2658 flexus⁷
2672 2573 2741 2638 in
2787 2587 2969 2661 parte

396 2677 640 2766 apicali
689 2688 790 2743 sat
831 2681 1070 2764 magna
1115 2676 1406 2766 paullulo
1450 2679 1774 2743 anteriora
1820 2701 2054 2744 versus
2100 2689 2425 2766 curvatus,
2474 2679 2610 2745 basi
2660 2702 2753 2745 ca.
2801 2683 2974 2766 om,

397 2784 628 2872 paullo
670 2806 838 2872 pone
885 2783 1173 2852 medium
1220 2806 1315 2850 ca.
1363 2785 1556 2851 0095
1619 2784 1808 2871 latus,
1868 2786 1940 2850 in
1993 2785 2227 2873 apicali
2290 2785 2566 2852 dimidio
2628 2786 2971 2854 latitudine

399 2890 808 2978 subaequali,
867 2893 1055 2978 apice
1106 2904 1480 2958 transverse
1537 2891 2269 2977 rotundato-truncatus,
2332 2892 2572 2979 angulo
2620 2895 2973 2980 posteriore

398 2999 669 3064 omnino
714 2997 1077 3084 rotundam,
1121 3000 1445 3064 anteriore
1489 2998 1744 3066 modice
1788 3011 1904 3064 aut
1946 2999 2114 3066 bene
2158 3022 2491 3087 express03
2540 3024 2581 3066 a
2626 3001 2842 3068 fronte
2872 3004 2972 3066 vi·-

399 3130 516 3172 sus
564 3105 739 3170 foras
787 3104 1094 3190 directus,
1153 3105 1458 3172 deorsum
1504 3117 1604 3171 sat
1649 3106 1903 3172 fortiter
1948 3121 2259 3173 arcuatus
2306 3106 2555 3191 (subter
2600 3109 2975 3193 concavus),

399 3236 604 3301 prope
656 3213 865 3278 basim
927 3213 1152 3279 subter
1213 3213 1284 3278 in
1344 3213 1662 3300 angulum
1722 3224 1974 3280 rectum
2037 3213 2347 3297 elevatus,
2402 3214 2485 3280 ab
2548 3215 2789 3301 angulo
2851 3215 2974 3281 hoc

398 3323 660 3407 apicem
706 3339 940 3386 versus
984 3320 1413 3408 aequabiliter
1458 3332 1860 3405 angustatus,
1906 3322 2092 3409 apice
2135 3320 2563 3408 gracillimus,
2609 3333 2855 3390 acutus.
2914 3323 2971 3388 E

398 3426 698 3516 partibus
743 3427 1014 3513 reliquis
1060 3426 1475 3493 conductoris
1522 3427 1909 3513 profundius
1956 3429 2099 3494 sitis
2145 3431 2638 3515 conspiciuntur
2682 3430 2763 3494 ab
2812 3430 2971 3495 imo:

399 3533 688 3620 angulus
735 3556 1014 3601 corneus
1058 3532 1528 3620 complanatus,
1573 3546 1675 3600 sat
1704 3557 2001 3621 magnus,
2048 3558 2213 3621 pone
2246 3539 2641 3624 prominens,
2689 3548 2753 3602 et
2785 3536 2973 3602 lobus

400 3642 963 3727 membranaceus,
1022 3640 1211 3725 latus,
1255 3640 1541 3725 humilis,
1605 3653 1880 3728 anguste
1927 3642 2345 3709 semilunaris
2390 3642 2547 3729 fere,
2592 3665 2742 3710 cum
2788 3655 2973 3732 parte

401 3749 722 3835 marginis
768 3749 968 3816 antici
1033 3748 1237 3815 multo
1298 3772 1492 3836 quam
1553 3748 1827 3814 dimidia
1874 3751 2119 3815 maiore
2163 3750 2566 3836 contingens,
2625 3750 2971 3816 altitudine

400 3855 816 3922 latitudinem
864 3854 1147 3922 mediam
1196 3857 1462 3943 parietis
1507 3855 1838 3922 inferioris
1885 3878 2014 3924 nou
2061 3877 2363 3944 aequans.

541 3963 866 4029 Diametri
911 3962 1273 4030 oculorum:
1320 3974 1448 4030 ant.
1496 3962 1661 4030 med.
1707 3965 1878 4046 0·13‚
1923 3975 2051 4029 ant.
2100 3963 2205 4029 lat.
2252 3967 2395 4030 021
2450 3976 2513 4031 et
2553 3966 2767 4050 0445,
2812 3976 2973 4052 post.

401 4068 576 4136 med.
624 4071 792 4152 0¹16,
851 4079 1009 4156 post.
1055 4069 1162 4136 lat.
1223 4071 1372 4137 048
1435 4081 1500 4135 et
1544 4071 1713 4150 0·16‚
1775 4070 2126 4137 intervalla
2188 4070 2553 4139 oculorum:
2615 4083 2743 4138 ant.
2805 4071 2971 4138 med.

402 4177 447 4242 Ο
473 4177 620 4258 115,
668 4188 799 4241 ant.
847 4176 953 4242 lat.
999 4177 1168 4253 o·08‚
1214 4188 1375 4265 post.
1423 4176 1587 4242 med.
1635 4180 1802 4263 0462
1850 4189 2009 4265 post.
2055 4177 2164 4243 lat.
2211 4180 2361 4245 022
2407 4179 2616 4265 longa

543 4284 719 4350 Area
764 4283 1101 4350 oculorum
1147 4283 1510 4352 mediorum
1557 4296 1706 4350 ante
1752 4286 1921 4370 034,
1968 4308 2135 4373 pone
2181 4287 2326 4353 047
2376 4286 2527 4372 lata,
2571 4287 2720 4352 0212
2760 4286 2969 4372 longa.

402 4389 697 4479 Clypeus
745 4390 863 4457 sub
909 4390 1100 4464 oculo
1143 4390 1358 4457 medio
1404 4393 1556 4457 0-24
1601 4391 1790 4462 altus.

535 4497 1062 4585 Cephalothorax
1106 4500 1213 4570 42
1263 4519 1395 4564 mm
1440 4498 1697 4584 longus,
1752 4500 1900 4566 295
1950 4499 2147 4584 latus3
2210 4498 2629 4566 mandibulae
2677 4501 2781 4564 2-0
2828 4499 2968 4563 lon·

402 4627 547 4693 gae,
598 4605 696 4671 1·8
744 4604 931 4671 latae.
978 4605 1228 4671 Pedum
1275 4606 1669 4678 internodia:

623 4713 676 4778 Ι.
838 4713 961 4798 3·2,
1190 4713 1353 4797 1·45,
1579 4714 1751 4800 265,
1975 4715 2094 4796 2·9,
2328 4714 2488 4796 1·85,
2616 4743 2621 4750 ·

623 4818 712 4888 II.
839 4820 962 4905 30,
1190 4821 1353 4906 1235,
1578 4822 1746 4904 235,
1971 4822 2139 4907 2·85,
2325 4823 2445 4906 1·7‚
