3850 5867
829 498 965 585 468

965 714 1152 780 Mas.
1201 715 1370 800 (Fig.
1414 716 1543 796 41).

962 821 1125 886 Pars
1169 819 1502 908 patellaris
1551 818 1889 907 palporum
1937 819 2128 884 dorso
2187 819 2254 883 in
2302 837 2487 907 parte
2532 821 2751 884 antica
2795 818 3121 883 exteriore
3162 818 3401 883 leviter

829 940 1046 993 retuso
1093 929 1340 1014 (minus
1383 950 1580 1015 quam
1626 927 1695 991 in
1740 927 2124 992 Amaurobio
2178 927 2544 1011 Gasperiaii
2591 938 2655 991 et
2700 931 2781 991 A.
2825 928 3097 1013 amplo).
3158 924 3402 992 Carina

830 1036 1111 1101 laminae
1169 1033 1430 1099 tarsalis
1489 1035 1674 1121 apice
1737 1055 1890 1098 cum
1951 1033 2090 1097 eius
2138 1032 2433 1119 margine
2479 1033 2618 1097 fere
2665 1038 3027 1099 coniuncta.
3091 1031 3395 1097 Cal-inula

831 1143 1187 1208 stemmatis
1233 1163 1400 1227 pone
1445 1142 1516 1205 in
1562 1139 1875 1226 angulum
1923 1138 2204 1205 liberum
2251 1162 2380 1204 non
2428 1140 2765 1227 producta.

963 1248 1320 1315 Oculorum
1367 1247 1694 1312 diametri:
1758 1257 1885 1312 ant.
1935 1245 2103 1311 med.
2151 1249 2320 1331 016,
2382 1257 2511 1312 ant.
2557 1246 2664 1312 lat.
2712 1249 2865 1312 024
2911 1258 2974 1311 et
3017 1247 3185 1321 019.
3234 1257 3397 1333 post.

828 1357 998 1422 med.
1043 1357 1257 1441 0195,
1303 1366 1464 1443 post.
1509 1354 1618 1419 lat.
1663 1356 1809 1420 021
1861 1364 1925 1419 et
1970 1356 2183 1438 0195,
2230 1353 2581 1420 intervalla
2626 1354 2990 1421 oculorum:
3038 1365 3167 1418 ant.
3225 1353 3393 1418 med.

829 1465 1044 1549 0135,
1106 1479 1232 1528 ant.
1295 1462 1401 1526 lat.
1465 1461 1677 1545 0095,
1739 1472 1901 1548 post.
1951 1455 2115 1525 med.
2176 1461 2344 1543 0-17,
2410 1470 2568 1548 post.
2631 1459 2738 1526 lat.
2800 1462 2947 1527 027
2998 1483 3134 1524 mm
3181 1459 3390 1544 longa.

830 1573 1005 1635 Area
1066 1569 1398 1636 oculorum
1463 1568 1828 1633 mediorum
1888 1579 2041 1632 ante
2101 1569 2269 1651 044,
2334 1590 2499 1654 pone
2560 1569 2713 1634 055
2776 1567 2925 1653 laun
2982 1568 3134 1632 055
3179 1565 3394 1652 longa.

829 1678 1116 1766 Clypeus
1164 1676 1288 1741 sub
1334 1675 1526 1740 oculo
1570 1675 1783 1740 medio
1831 1676 1982 1740 035
2031 1674 2215 1739 altus.

961 1787 1266 1851 Ceterum
1312 1783 1699 1869 inspiciatur
1747 1782 2097 1869 descriptio
2144 1783 2210 1846 in
2268 1784 2605 1868 „Araneae
2655 1782 3077 1867 Hungariae“
3125 1780 3392 1868 prolata.

961 1893 1213 1956 Montes
1259 1890 1635 1976 Carpaticos
1682 1888 2211 1953 Transsilvaniae
2245 1902 2307 1954 et
2340 1890 2626 1954 Banatus
2658 1888 2887 1954 incolit
2915 1888 3083 1954 haee
3125 1889 3391 1975 species,

960 1998 1192 2063 Nota.
1254 1998 1322 2063 Si
1372 1995 1618 2060 moduli
1681 1994 2022 2060 oculorum
2084 2017 2285 2082 supra
2348 1997 2578 2083 prolati
2642 1995 3197 2083 comparabuntur
3238 2017 3391 2061 eum

829 2105 1264 2191 descriptione
1310 2101 1648 2167 oculorum
1692 2103 2071 2169 Ansam-obii
2110 2105 2407 2190 salamari
2450 2106 2518 2167 in
2571 2105 2909 2189 „Araneae
2949 2104 3398 2189 Hungariae“,

827 2212 1141 2297 elucebit,
1202 2207 1719 2296 magnitudinem
1781 2220 1846 2274 et
1902 2210 2229 2297 imprimis
2291 2211 2488 2275 situm
2550 2211 2887 2275 oculorum
2950 2210 3391 2276 characterem

827 2341 970 2385 esse
1015 2341 1144 2383 non
1178 2317 1387 2383 solum
1433 2317 1814 2383 mutabilem
1863 2317 1977 2382 sed
2027 2319 2224 2383 etiam
2271 2339 2399 2382 non
2430 2339 2663 2405 parum
2711 2317 3109 2403 ambiguum.
3155 2317 3393 2383 Eidem

826 2425 999 2491 oculi
1046 2425 1250 2491 antici
1298 2424 1493 2488 medii
1543 2425 1823 2489 feminae
1884 2448 1984 2489 ex.
2031 2445 2128 2510 gr.
2176 2447 2258 2489 ne
2303 2424 2489 2489 radio
2533 2425 2795 2512 quidem
2843 2437 2957 2490 aut
2999 2425 3151 2511 plus
3194 2443 3391 2511 quam

829 2533 1011 2598 radio
1058 2533 1227 2597 inter
1273 2551 1342 2596 se
1387 2533 1620 2595 remoti
1654 2531 1943 2596 describi
1974 2543 2261 2618 possunt,
2308 2543 2503 2620 prout
2531 2553 2751 2597 eorum
2785 2532 3206 2598 intervallum
3239 2553 3389 2598 cum

834 2641 1144 2726 „corneau
1212 2650 1322 2702 aut
1384 2660 1535 2702 cum
1601 2660 1908 2726 „corpore
1971 2639 2220 2705 vitreo“
2288 2651 2713 2727 comparatur.
2763 2675 2846 2688 -—
2893 2639 3115 2722 Quum
3175 2641 3393 2726 itaque

829 2745 1001 2812 oculi
1033 2767 1419 2811 aranearum
1451 2744 1927 2830 describuntur,
1960 2765 2229 2812 necesse
2259 2747 2524 2812 videtur
2553 2746 2863 2832 indicare,
2910 2759 3129 2812 utrum
3162 2767 3391 2811 eorum

829 2873 1064 2919 cornea
1109 2871 1192 2917 an
1240 2871 1478 2939 corpus
1519 2852 1798 2917 vit-reum
1847 2852 2128 2936 dicatur3
2190 2851 2475 2941 alioquin
2523 2853 2761 2918 dubius
2808 2853 3217 2940 relinquitur,
3278 2854 3391 2940 qui

828 2981 867 3026 e
912 2960 1348 3046 descriptione
1394 2960 1678 3045 speciem
1725 2979 2194 3045 recognoscere
2241 2960 2399 3026 vult.
2447 2960 2773 3048 Equidem
2820 2962 2887 3024 in
2934 2961 3393 3047 descriptioni-

825 3069 949 3134 bus
995 3085 1386 3131 aranearum
1430 3065 1751 3149 omnibns,
1796 3087 1959 3152 quas
2009 3068 2220 3153 priore
2266 3077 2557 3154 tempore
2601 3067 2857 3156 protuli,
2905 3089 3230 3154 corneam,
3278 3087 3391 3132 ne·

825 3197 951 3262 que
998 3196 1235 3261 corpus
1286 3173 1564 3238 vitreum
1609 3172 1943 3238 oculorum
1989 3187 2212 3239 taxare
2261 3187 2528 3240 conatus
2561 3198 2734 3260 sum3
2782 3175 2954 3262 quod
3002 3174 3397 3242 difficultate

824 3281 1109 3369 quadam
1157 3280 1564 3345 obstructum
1611 3302 1771 3365 esse,
1818 3282 2040 3347 notavi
2090 3304 2286 3368 supra
2332 3284 2403 3346 in
2452 3284 2794 3369 prooemiO.

1495 3495 1582 3563 17.
1631 3493 2071 3566 Amani-obius
2118 3496 2402 3583 annulus
2449 3491 2748 3584 (Kalon.)

829 3620 986 3675 1897.
1030 3620 1266 3672 Goelotes
1304 3620 1540 3687 anoplua
1583 3622 1731 3688 Chyz
1733 3638 1791 3672 cr
1840 3629 1894 3672 ot
1936 3624 2102 3673 Kulcz
2076 3640 2202 3687 zyns
2178 3624 2281 3690 ski,
2330 3627 2404 3674 Ar
2379 3639 2574 3675 raneac
2613 3603 2946 3691 Hungariae‚
2997 3622 3391 3690 v.2,p.158‚

1149 3707 1273 3776 162,
1312 3717 1348 3760 t
1389 3711 1441 3777 6,
1480 3711 1518 3763 f.
1558 3709 1640 3763 17

841 3868 846 3872 .
962 3815 1328 3880 Femina.
1375 3815 1543 3901 (Fig.
1592 3818 1679 3897 5).

960 3921 1187 4007 Margo
1250 3922 1504 3987 anticus
1566 3922 1830 4008 foveae,
1896 3926 2029 4010 qna·
2088 3921 2369 4014 epig-yae
2431 3936 2711 4008 ornatur,
2776 3921 3006 3989 similis
3067 3937 3257 4012 atque
3320 3928 3385 3989 in

825 4029 1207 4093 Amaurobio
1239 4030 1574 4115 falciqero.
1646 4030 1896 4095 Dentes
1944 4025 2258 4096 lateribus
2306 4033 2626 4121 epigynae
2674 4032 2867 4119 longe
2910 4053 3077 4121 pone
3126 4031 3388 4097 foveam

823 4131 1062 4220 innati,
1100 4131 1237 4200 basi
1286 4135 1559 4200 externa
1603 4158 1697 4202 ca.
1744 4137 1850 4202 07
1900 4160 2052 4224 mm,
2098 4138 2394 4234 apicibus
2439 4162 2536 4205 ca.
2566 4140 2673 4205 04
2718 4139 2891 4205 inter
2936 4162 3003 4204 se
3052 4137 3391 4225 distantes,

825 4264 922 4307 ca·
967 4243 1090 4312 01
1120 4241 1254 4326 lati,
1298 4244 1405 4320 02
1450 4225 1647 4329 longi,
1692 4244 1880 4331 apice
1925 4267 2118 4331 saepe
2166 4248 2360 4311 acuti.

959 4346 1318 4414 Oculorum
1367 4348 1693 4416 diametri:
1766 4362 1894 4416 ant.
1944 4352 2110 4418 med.
2159 4355 2329 4438 019,
2376 4364 2505 4418 ant.
2550 4353 2658 4419 lat.
2704 4355 2850 4421 027
2901 4364 2967 4421 et
3010 4355 3183 4432 o·18
3226 4365 3389 4442 post.

824 4454 993 4520 med.
1037 4456 1206 4541 019,
1264 4468 1425 4544 post.
1473 4456 1581 4522 lat.
1629 4457 1824 4524 0220
1885 4469 1950 4522 et
2009 4461 2177 4543 021,
2239 4460 2575 4526 oculorum
2622 4457 3001 4528 intervalla:
3044 4473 3170 4528 ant.
3217 4462 3391 4528 med

824 4559 1037 4647 0155,
1083 4569 1211 4628 aut.
1258 4559 1367 4629 lat.
1400 4565 1569 4649 014,
1622 4571 1775 4650 post.
1824 4563 1993 4630 med.
2026 4565 2194 4653 021,
2240 4578 2399 4655 post.
2446 4563 2554 4634 lat.
2603 4567 2752 4635 029
2786 4592 2920 4636 mm
2952 4563 3164 4657 longa.
3211 4569 3391 4635 Area

821 4668 1158 4734 oculorum
1205 4671 1565 4736 mediorum
1613 4683 1765 4737 ante
1811 4671 1981 4758 053,
2024 4696 2193 4764 pone
2238 4675 2388 4742 058
2435 4671 2583 4762 lata,
2627 4676 2778 4742 0-53
2823 4673 3037 4765 longa.
3086 4669 3394 4769 ‘clypeus

827 4774 947 4840 sub
996 4775 1183 4841 oculo
1230 4777 1445 4843 medio
1491 4779 1643 4844 0·34
1689 4777 1875 4844 altus.
