3850 5867
915 466 1052 529 422

1071 717 1158 726 —
1205 715 1291 727 -
1340 677 1681 762 longiores,
1751 676 1996 740 directo
2045 697 2083 738 a
2127 688 2309 762 parte
2372 673 2677 738 inferiore
2724 672 3013 756 adspecti
3065 673 3303 758 margi-

1073 807 1187 850 nes
1233 784 1548 869 lamellae,
1594 807 1758 871 quae
1807 783 2083 846 fundum
2133 783 2362 847 foveae
2394 793 2683 867 occupat,
2728 784 3046 865 attingere
3079 779 3301 844 saltem

1073 892 1392 957 videntur.
1509 939 2593 957 ...........
2687 891 2789 953 12.
2836 890 2915 953 A.
2954 896 3178 974 pastor
3224 890 3486 974 typicus.

1058 1104 1324 1173 Mam-S.

973 1217 1026 1278 1.
1075 1212 1421 1299 Palporum
1474 1233 1624 1298 pars
1673 1210 2008 1298 patellaris
2056 1211 2323 1275 inermis
2327 1258 3302 1275 ..........
3440 1208 3486 1270 2

1074 1358 1158 1367 --
1213 1357 1290 1367 -
1355 1359 1412 1364 -
1474 1320 1542 1382 in
1591 1317 1792 1383 latere
1839 1319 2160 1383 exteriore
2209 1338 2514 1402 processu
2561 1327 2788 1380 ornata
2791 1363 3307 1380 ......
3441 1313 3486 1377 5

965 1430 1027 1490 2.
1081 1428 1236 1491 Pars
1285 1425 1618 1491 femoralis
1684 1424 2025 1511 palporum
2086 1445 2282 1509 supra
2343 1424 2428 1488 ad
2474 1425 2724 1510 apicem
2773 1422 3017 1487 aculeis
3063 1421 3308 1508 aliquot

1074 1535 1139 1618 (6
1158 1535 1301 1616 -9)
1348 1533 1606 1618 crassis,
1655 1531 1847 1597 valde
1896 1530 2208 1596 brevibus
2255 1543 2523 1595 armata.
2601 1581 2615 1594 .
2709 1582 2722 1595 .
2820 1531 2919 1593 14.
2968 1533 3047 1593 A.
3104 1530 3487 1615 Gasperinii.

1075 1678 1159 1689 -
1209 1679 1291 1688 —
1342 1678 1427 1688 --
1474 1642 1806 1704 armatura
1850 1660 1980 1703 non
2026 1639 2318 1724 insignis.
2441 1686 3305 1702 .........
3443 1637 3487 1699 3

963 1748 1029 1813 3.
1077 1746 1393 1811 Embolus
1453 1747 1521 1810 in
1571 1746 1770 1811 latere
1832 1746 2137 1810 interiore
2198 1744 2554 1810 stemmatis
2616 1766 2743 1807 non
2805 1741 3032 1829 procul
3081 1765 3120 1806 a
3165 1742 3305 1807 basi

1074 1853 1330 1918 initium
1397 1854 1603 1940 capit,
1675 1875 1714 1916 a
1785 1862 2124 1916 stemmate
2188 1872 2505 1938 nusquam
2578 1850 2949 1917 evidentius
3013 1849 3304 1913 discedit.

2986 1960 3038 2022 l.
3083 1958 3163 2022 A.
3210 1957 3485 2021 inermia.

1078 2105 1156 2114 —
1208 2068 1277 2130 in
1308 2066 1450 2131 basi
1484 2066 1841 2130 stemmatis
1874 2066 2133 2130 initium
2180 2066 2376 2152 capit3
2425 2087 2575 2151 pars
2622 2065 2762 2129 eius
2796 2063 3036 2130 basalis
3070 2085 3310 2148 magna

1075 2196 1205 2238 non
1254 2173 1572 2258 contingit
1620 2194 1765 2237 cum
1817 2183 2154 2237 stemmate
2158 2221 3307 2237 ............
3443 2170 3490 2234 4

967 2284 1031 2346 4.
1079 2280 1451 2347 Conductor
1499 2278 1739 2345 emboli
1786 2278 2022 2344 falcem
2072 2279 2308 2344 format
2353 2279 2632 2365 longam,
2677 2278 3007 2365 gracilem,
3054 2277 3308 2342 modice

1077 2399 1504 2470 recurvatam,
1573 2386 1760 2451 cuius
1809 2409 1959 2473 pars
2006 2409 2244 2472 magna
2293 2385 2462 2450 ultra
2522 2388 2885 2471 marginem
2934 2385 3309 2450 interiorem

1078 2493 1362 2558 laminae
1407 2493 1668 2557 tarsalis
1715 2494 2053 2579 prominet.
2183 2543 2835 2558 .......
2931 2494 3033 2557 16.
3081 2498 3157 2557 A.
3190 2494 3488 2578 falciqer.

1078 2639 1163 2650 —-
1211 2639 1294 2649 —-
1345 2600 1582 2684 brevis,
1647 2599 1817 2664 ultra
1879 2601 2242 2686 marginem
2305 2600 2677 2665 interiorem
2724 2598 3005 2665 laminae
3053 2598 3308 2663 tarsalis

1078 2730 1208 2772 non
1254 2707 1626 2794 prominens
1757 2757 2838 2772 ...........
2934 2710 3035 2772 17.
3084 2711 3159 2771 A.
3206 2707 3489 2791 amplus.

969 2817 1033 2880 b.
1081 2814 1452 2880 Conductor
1497 2814 1736 2879 emboli
1784 2812 2006 2879 brevis
2052 2825 2163 2877 aut
2209 2814 2574 2897 mediocris,
2620 2814 2685 2877 in
2721 2814 2905 2899 apice
2951 2814 3308 2878 stemmatis

1078 2922 1257 2985 situs.
1380 2970 3308 2985 ...................
3448 2920 3488 2984 6

1085 3068 1146 3075 -—
1214 3065 1297 3075 —
1346 3026 1786 3113 longissimus,
1818 3027 2175 3092 secundum
2212 3027 2380 3091 latus
2425 3028 2710 3092 exterius
2757 3029 3118 3093 stemmatis
3163 3048 3307 3091 ver·

1078 3158 1189 3199 sus
1236 3134 1444 3198 basim
1507 3135 1645 3199 eius
1707 3146 2032 3214 curvatus,
2095 3146 2234 3198 tum
2296 3136 2621 3199 anteriora
2682 3157 2913 3200 versus
2975 3134 3183 3199 flexus
3245 3145 3309 3199 et

1077 3241 1366 3308 &formis
1371 3291 3306 3307 ...................
3404 3243 3491 3307 15

969 3351 1034 3413 6.
1086 3350 1434 3414 Processus
1481 3347 1815 3435 patellaris
1863 3350 1931 3412 in
1965 3348 2189 3414 dentes
2236 3348 2398 3413 duos
2431 3349 2752 3433 desinens,
2800 3372 3072 3435 quorum
3121 3372 3309 3435 supe-

1079 3456 1212 3520 rior
1258 3455 1486 3520 saltem
1536 3466 1765 3520 acutus
1811 3466 1925 3520 est.
2002 3454 2374 3523 Conductor
2419 3455 2655 3520 emboli
2706 3455 2881 3520 foras
2928 3469 2990 3521 et
3039 3456 3312 3541 insigni-

1079 3576 1180 3627 ter
1224 3563 1550 3627 anteriora
1597 3585 1829 3627 versus
1877 3562 2182 3640 directus,
2252 3572 2363 3626 aut
2408 3562 2549 3626 basi
2597 3563 2773 3628 foras
2820 3564 3126 3648 directus,
3172 3576 3310 3628 tum

1081 3670 1408 3734 anteriora
1453 3691 1682 3736 versus
1730 3683 2043 3735 curvatus
2048 3720 3310 3736 .............
3453 3673 3489 3737 7

1085 3815 1168 3824 —-
1226 3816 1295 3824 -··
1354 3799 1480 3841 non
1546 3777 1614 3840 in
1664 3776 1890 3841 dentes
1952 3776 2116 3841 duos
2178 3776 2502 3842 desinens.
2571 3777 2942 3843 Conductor
2988 3777 3225 3843 emboli
3272 3799 3311 3841 a

1083 3898 1264 3970 parte
1310 3881 1618 3948 inferiore
1663 3884 1846 3949 visus
1893 3884 2268 3970 saepissime
2301 3882 2476 3947 foras
2523 3895 2588 3948 et
2631 3906 2863 3970 parum
2895 3897 3006 3949 aut
3037 3907 3164 3949 non
3197 3907 3310 3949 an-

1081 3992 1317 4055 teriora
1364 4013 1593 4055 versus
1641 3990 1928 4056 directus
1935 4042 3310 4056 ..............
3451 3993 3492 4058 8

979 4100 1040 4162 7.
1086 4093 1458 4164 Conductor
1491 4097 1725 4162 emboli
1759 4121 1798 4162 a
1831 4112 2010 4184 parte
2043 4098 2350 4163 inferiore
2375 4099 2557 4163 visus
2581 4098 2877 4184 elongato
2901 4111 3131 4163 ovatus
3157 4098 3310 4182 fere,

1086 4225 1289 4289 paene
1322 4216 1559 4289 rectus,
1607 4205 1931 4269 anteriora
1980 4228 2211 4269 versus
2259 4218 2323 4269 et
2369 4205 2541 4270 foras
2589 4205 2894 4270 directus.
2943 4207 3046 4272 20.
3081 4208 3160 4271 A.
3194 4206 3495 4271 Munieri.

1080 4348 1169 4358 —
1215 4348 1299 4359 —
1349 4332 1388 4374 a
1435 4323 1616 4396 parte
1662 4311 1973 4376 inferiore
2024 4312 2205 4375 visus
2252 4312 2509 4377 fortiter
2556 4325 2885 4396 curvatus,
2933 4312 3073 4377 basi
3120 4312 3313 4397 foras,

1081 4417 1267 4503 apice
1313 4417 1457 4504 plus
1505 4419 1804 4482 minusve
1850 4419 2174 4482 anteriora
2222 4441 2451 4483 versus
2484 4419 2783 4483 directus.
2883 4421 2979 4485 19.
3011 4421 3087 4484 A.
3121 4421 3496 4506 lonyispina.

973 4524 1038 4589 8.
1088 4524 1312 4608 Margo
1359 4526 1654 4610 superior
1699 4547 2039 4611 processus
2088 4524 2418 4612 patellaris
2465 4537 2612 4591 ante
2644 4525 2974 4611 angulum,
3020 4527 3087 4589 in
3121 4547 3311 4613 quem

1084 4641 1316 4695 coeunt
1378 4652 1601 4718 margo
1663 4633 1955 4719 superior
2015 4642 2080 4696 et
2141 4654 2365 4718 margo
2426 4634 2682 4697 anticus
2742 4633 3045 4719 (angulus
3091 4631 3201 4697 hic
3244 4634 3310 4697 in

1081 4739 1161 4802 A.
1205 4739 1487 4803 solitario
1549 4762 1589 4802 a
1653 4737 1852 4804 latere
1899 4738 2253 4823 difficilius,
2323 4762 2361 4803 a
2409 4751 2591 4827 parte
2638 4741 2957 4806 exteriore
3006 4738 3314 4804 inferiore
