3850 5867
2829 469 2964 535 449

413 684 631 768 innati,
690 693 859 747 retro
920 695 983 747 et
1044 684 1219 748 intus
1283 681 1530 767 directi,
1592 682 1733 748 basi
1797 684 1937 748 Ο·11
2010 683 2140 768 lati,
2201 684 2352 748 024
2412 684 2610 768 longi,
2672 683 2965 768 elongato

411 789 859 874 triangulares,
922 790 1123 875 apice,
1186 790 1298 878 qui
1345 801 1618 874 anguste
1665 788 2050 854 rotundatas
2097 801 2210 875 est,
2257 790 2621 875 marginem
2669 790 2965 854 lamellae

411 898 724 981 attingere
771 896 1094 980 videntur,
1140 919 1343 983 quum
1389 896 1470 961 ab
1518 897 1649 960 imo
1696 895 2059 982 adspicitur
2103 899 2401 985 epigyne.

543 1003 862 1067 Diametri
908 1004 1268 1068 oculorum:
1332 1015 1459 1068 ant.
1509 1002 1677 1068 med.
1723 1004 1893 1088 0·13,
1955 1017 2083 1068 ant.
2132 1003 2237 1068 lat.
2284 1005 2434 1069 022
2482 1015 2545 1068 et
2588 1003 2759 1086 Ο·16,
2804 1013 2964 1090 post.

413 1109 578 1175 med.
637 1111 807 1195 0·17,
864 1122 1023 1197 post.
1070 1110 1183 1174 lat.
1242 1111 1391 1176 018
1440 1120 1504 1174 et
1549 1111 1724 1195 Ο·16,
1784 1110 2134 1174 intervalla
2179 1110 2540 1176 oculorum:
2604 1121 2731 1174 ant.
2797 1109 2965 1174 med.

409 1219 576 1302 Ο·12,
623 1229 750 1282 ant.
797 1217 904 1282 lat.
950 1219 1119 1302 Ο·10,
1165 1228 1324 1304 post.
1372 1216 1539 1282 med.
1584 1218 1798 1303 Ο·155,
1843 1229 2004 1303 post.
2050 1217 2142 1281 lat
2189 1219 2339 1283 029
2371 1240 2506 1280 mm
2537 1217 2748 1303 longa.
2794 1218 2967 1282 Area

412 1324 745 1390 oculorum
791 1323 1153 1389 mediorum
1201 1337 1349 1389 ante
1396 1326 1568 1407 0537,
1613 1346 1780 1411 pone
1826 1324 1976 1390 o·48
2023 1324 2173 1408 lata,
2220 1325 2367 1390 047
2417 1325 2630 1410 longa.
2677 1323 2965 1413 Clypeus

412 1431 532 1496 sub
575 1431 763 1496 oculo
811 1432 1027 1497 antico
1071 1433 1222 1497 022
1270 1432 1456 1497 altus.

542 1537 1059 1624 Cephalothorax
1106 1538 1209 1605 4·ss
1259 1561 1391 1602 mm
1438 1539 1691 1624 longus,
1737 1539 1842 1603 3·3
1872 1538 2062 1622 latus,
2106 1561 2257 1625 pars
2305 1538 2637 1625 cephalica
2682 1538 2786 1603 25
2818 1537 2965 1603 lata.

412 1644 830 1710 Mandibulae
875 1646 979 1710 2·ss
1026 1645 1277 1730 longae,
1323 1647 1426 1710 25
1475 1646 1657 1711 latae.
1709 1645 1961 1711 Pedum
2007 1645 2397 1712 internodia:

910 1752 960 1816 Ι.
1051 1755 1175 1836 2·9,
1275 1755 1434 1838 1·45,
1525 1754 1648 1837 22,
1741 1753 1865 1837 22,
2007 1755 2104 1817 1·2
2150 1754 2325 1838 (1·4),

875 1859 960 1924 ΙΙ.
1052 1860 1175 1944 27,
1270 1862 1391 1945 1·4,
1531 1861 1650 1944 1·Ί,
1742 1861 1864 1944 2-2,
2005 1862 2106 1925 1·2
2154 1863 2326 1945 (1·4),

835 1966 958 2031 ΙΙΙ.
1049 1967 1172 2052 25,
1265 1968 1428 2050 1·35,
1527 1967 1643 2051 1·6,
1734 1969 1901 2050 225,
1999 1969 2115 2052 1·2,

837 2073 950 2137 IV.
1044 2074 1167 2158 3·2,
1261 2075 1379 2158 1·5,
1515 2075 1636 2158 25,
1727 2074 1893 2158 305,
1994 2076 2133 2139 1·45
2180 2075 2335 2160 (1·6)
2384 2096 2518 2137 mm
2562 2074 2772 2160 longa.

546 2180 732 2244 Mas.
778 2180 945 2266 (Fig.
994 2181 1098 2264 34,
1145 2182 1251 2266 49,
1296 2182 1422 2267 57).

542 2286 894 2352 Processus
940 2287 1270 2373 patellaris
1315 2288 1654 2375 palporum
1701 2286 1983 2374 desuper
2029 2289 2208 2353 visus
2260 2287 2340 2375 Ἀ
2387 2289 2591 2375 partis
2636 2288 2966 2374 patellaris

408 2393 816 2480 longitudine
860 2406 1107 2481 aequat,
1156 2393 1425 2459 dimidio
1471 2395 1723 2480 longior
1768 2418 1964 2481 quam
2012 2394 2297 2482 paullulo
2341 2417 2508 2482 pone
2538 2395 2748 2460 basim
2777 2394 2966 2479 latus,

407 2501 829 2586 triangularis
876 2500 1013 2566 fere
1059 2502 1242 2589 apice
1288 2503 1747 2586 obtusiuscuIO,
1793 2525 1831 2566 a
1877 2502 2020 2567 basi
2054 2503 2307 2589 apicem
2341 2525 2570 2568 versus
2616 2502 2963 2586 insigniter

409 2619 811 2693 angustatus,
855 2608 1055 2674 latere
1097 2609 1403 2675 interiore
1446 2609 1663 2696 paullo
1707 2632 1874 2697 pone
1922 2609 2133 2674 basim
2181 2609 2508 2675 denticulo
2552 2631 2783 2696 parum
2831 2630 2966 2673 ma-

409 2714 648 2779 nifesto
694 2728 936 2800 ornat0,
984 2729 1273 2781 ceterum
1321 2717 1675 2780 maximam
1720 2728 1973 2804 partem
2021 2727 2225 2799 rector,
2271 2715 2441 2780 latus
2488 2715 2774 2781 exterius
2819 2737 2966 2803 par-

408 2822 496 2885 tis
539 2821 783 2887 tibialis
849 2845 1001 2887 cum
1049 2822 1248 2888 latere
1292 2822 1707 2909 respondenti
1757 2845 2096 2910 processus
2158 2825 2224 2887 in
2273 2844 2499 2887 arcum
2548 2823 2968 2887 coniunctum

411 2951 798 3012 convexum,
859 2953 1089 3017 parum
1136 2943 1497 3016 curvatum,
1558 2952 1790 2996 versus
1849 2931 2104 3018 apicem
2165 2952 2503 3017 processus
2548 2929 2835 3016 paullulo
2881 2929 2968 2993 si-

407 3047 684 3101 nuatum
745 3038 851 3120 ita,
914 3049 982 3102 ut
1041 3059 1380 3124 processus
1441 3038 1627 3125 apice
1687 3037 1979 3124 paullulo
2042 3037 2216 3102 foras
2279 3047 2588 3102 curvatus
2650 3035 2966 3101 videatur.

412 3144 472 3207 A
503 3142 705 3208 latere
750 3145 1066 3208 exteriore
1108 3145 1289 3209 visus
1321 3166 1664 3231 processus
1711 3144 1852 3209 basi
1884 3156 2219 3231 porrectus
2252 3143 2407 3227 fere,
2453 3144 2699 3229 apicem
2736 3165 2967 3208 versus

413 3249 665 3316 modice
712 3273 971 3316 sursum
1005 3263 1334 3336 curvatae,
1381 3275 1419 3316 a
1454 3252 1592 3316 basi
1627 3274 1933 3332 magnam
1964 3267 2212 3339 partem
2245 3250 2535 3337 paullulo
2565 3260 2966 3335 angustatus,

411 3368 550 3422 tum
597 3357 736 3440 (ubi
783 3380 1042 3422 sursum
1089 3370 1399 3424 curvatus
1445 3365 1566 3436 est)
1611 3358 1952 3425 latitudine
1984 3367 2119 3424 lere
2166 3359 2435 3445 aequali,
2481 3358 2761 3444 denique
2806 3357 2968 3423 obli-

412 3486 536 3550 que
582 3474 937 3550 truncatus,
982 3466 1277 3551 margine
1323 3466 1557 3552 apicali
1590 3465 2086 3552 inaequabiliter
2118 3467 2460 3550 insigniter
2492 3466 2728 3548 exciso,
2773 3486 2969 3550 supra

411 3570 772 3654 rotundam,
836 3572 1009 3636 infra
1069 3573 1138 3638 in
1199 3572 1463 3638 dentem
1523 3573 1809 3655 brevem,
1874 3572 2038 3638 bene
2085 3573 2463 3638 distinctum
2510 3572 2839 3659 producto,
2890 3572 2967 3636 In

415 3678 723 3762 carinam,
772 3679 1184 3745 mediocriter
1229 3692 1487 3745 acutam
1533 3681 1817 3767 quidem,
1850 3703 2257 3768 compressus
2304 3692 2401 3744 est
2446 3679 2728 3765 angulus
2775 3678 2968 3765 solus,

415 3787 482 3849 in
526 3808 721 3872 quem
784 3797 1016 3851 coeunt
1079 3787 1401 3873 margines
1463 3809 1801 3873 processus
1847 3787 2141 3873 superior
2199 3800 2263 3851 et
2323 3787 2609 3874 apicalis.
2684 3789 2739 3851 A
2788 3799 2968 3873 parte

413 3894 732 3958 exteriore
779 3894 1083 3958 inferiore
1129 3893 1475 3981 adspectus
1520 3916 1859 3980 processus
1893 3893 2123 3958 leviter
2168 3907 2231 3959 et
2275 3892 2495 3979 paullo
2543 3893 2968 3979 inaequabili-

413 4011 511 4065 ter
557 3999 731 4064 foras
779 4013 1105 4065 curvatus.

545 4107 708 4172 Pars
755 4108 1083 4194 patellaris
1131 4107 1386 4173 fortiter
1431 4107 1698 4172 dilatata
1745 4108 1806 4171 in
1847 4107 2045 4171 latere
2093 4108 2426 4188 exteriore,
2472 4130 2669 4193 prope
2716 4107 2967 4192 apicem

414 4214 612 4301 duplo
661 4213 797 4279 fere
841 4216 1033 4279 latior
1092 4237 1286 4302 quam
1354 4215 1486 4278 basi
1552 4226 1613 4281 et
1673 4214 1891 4300 paullo
1938 4214 2220 4292 (circiter
2274 4215 2377 4298 ¹le)
2425 4213 2614 4278 latior
2658 4236 2848 4300 quam
2899 4214 2966 4276 in

413 4319 586 4385 linea
634 4320 936 4385 mediana
981 4321 1189 4407 longa.
1228 4360 1298 4369 —
1341 4320 1580 4388 Carina
1626 4321 1827 4408 partis
1875 4321 2120 4387 tibialis
2153 4321 2375 4386 subter
2406 4322 2527 4384 sita
2574 4318 2791 4406 paullo
2820 4319 2968 4405 plus

416 4426 610 4513 duplo
656 4427 907 4512 longior
952 4452 1144 4515 quam
1194 4429 1493 4514 spatium,
1539 4451 1664 4515 quo
1709 4428 1906 4492 distat
1955 4451 1992 4492 a
2041 4427 2180 4492 basi
2227 4428 2593 4492 internodii.

546 4535 786 4602 Carina
832 4536 1114 4600 laminae
1159 4536 1417 4600 tarsalis
1448 4535 1790 4599 dimidiam
1825 4534 1961 4600 fere
2002 4536 2141 4598 eius
2173 4534 2643 4617 longitudinem
2677 4545 2968 4620 occupat,

419 4641 487 4705 in
511 4654 692 4727 parte
718 4642 932 4706 antica
958 4643 1318 4728 marginem
1345 4664 1573 4706 versus
1597 4642 1815 4728 paullo
1840 4641 2195 4726 descendit,
2220 4642 2330 4706 sed
2357 4664 2505 4706 eum
2534 4663 2664 4705 non
2689 4641 2965 4726 attingit.

414 4748 722 4815 Carinula
769 4751 1129 4814 stemmatis
1174 4771 1339 4835 pone
1386 4750 1451 4812 in
1500 4748 1817 4834 angulum
1864 4748 2142 4814 liberum
2190 4771 2318 4812 non
2352 4747 2680 4835 producta.
2730 4746 2968 4812 Embo-
